<collection xmlns="http://www.loc.gov/MARC21/slim">
<record>
<leader>     nab a22     uu 4500</leader>
<controlfield tag="001">b75e8d5cca3f46cbbd63e91be5b32412</controlfield>
<datafield tag="022" ind1=" " ind2=" ">
    <subfield code="a">1099-4300</subfield>
</datafield>
<datafield tag="024" ind1="7" ind2=" ">
        <subfield code="a">10.3390/e17127853</subfield>
        <subfield code="2">doi</subfield>
    </datafield>
<datafield tag="100" ind1="0" ind2=" ">
    <subfield code="a">Flavia Pennini</subfield>
</datafield>
<datafield tag="245" ind1="0" ind2="0">
    <subfield code="a">The Fisher Thermodynamics of Quasi-Probabilities</subfield>
</datafield>
<datafield tag="700" ind1="0" ind2=" ">
    <subfield code="a">Angelo Plastino</subfield>
</datafield>
</record>