
<record>
<leader>     nab a22     uu 4500</leader>
<controlfield tag="001">0edc5af6672641c0bd45608812a34f9e</controlfield>
<datafield tag="022" ind1=" " ind2=" ">
    <subfield code="a">2077-0472</subfield>
</datafield>
<datafield tag="024" ind1="7" ind2=" ">
        <subfield code="a">10.3390/agriculture5041172</subfield>
        <subfield code="2">doi</subfield>
    </datafield>
<datafield tag="100" ind1="0" ind2=" ">
    <subfield code="a">Naveed Aslam</subfield>
</datafield>
<datafield tag="245" ind1="0" ind2="0">
    <subfield code="a">Aflatoxin Contamination of the Milk Supply: A Pakistan Perspective</subfield>
</datafield>
<datafield tag="700" ind1="0" ind2=" ">
    <subfield code="a">Peter C. Wynn</subfield>
</datafield>
</record>