
<record>
<leader>     nab a22     uu 4500</leader>
<controlfield tag="001">95606ed39deb4f43b96f7e6308ad15d3</controlfield>
<datafield tag="022" ind1=" " ind2=" ">
    <subfield code="a">2304-6740</subfield>
</datafield>
<datafield tag="024" ind1="7" ind2=" ">
        <subfield code="a">10.3390/inorganics3040534</subfield>
        <subfield code="2">doi</subfield>
    </datafield>
<datafield tag="100" ind1="0" ind2=" ">
    <subfield code="a">Fabrizio Ortu</subfield>
</datafield>
<datafield tag="245" ind1="0" ind2="0">
    <subfield code="a">Synthesis and Reactivity of a Cerium(III) Scorpionate Complex Containing a Redox Non-Innocent 2,2′-Bipyridine Ligand</subfield>
</datafield>
<datafield tag="700" ind1="0" ind2=" ">
    <subfield code="a">Hao Zhu</subfield>
</datafield>
<datafield tag="700" ind1="0" ind2=" ">
    <subfield code="a">Marie-Emmanuelle Boulon</subfield>
</datafield>
<datafield tag="700" ind1="0" ind2=" ">
    <subfield code="a">David P. Mills</subfield>
</datafield>
</record>