
<record>
<leader>     nab a22     uu 4500</leader>
<controlfield tag="001">d1d39464834447c8bd9c269710e1e17d</controlfield>
<datafield tag="022" ind1=" " ind2=" ">
    <subfield code="a">2073-4344</subfield>
</datafield>
<datafield tag="024" ind1="7" ind2=" ">
        <subfield code="a">10.3390/catal5042052</subfield>
        <subfield code="2">doi</subfield>
    </datafield>
<datafield tag="100" ind1="0" ind2=" ">
    <subfield code="a">Anton Axelsson</subfield>
</datafield>
<datafield tag="245" ind1="0" ind2="0">
    <subfield code="a">Ionic Liquids as Carbene Catalyst Precursors in the One-Pot Four-Component Assembly of Oxo Triphenylhexanoates (OTHOs)</subfield>
</datafield>
<datafield tag="700" ind1="0" ind2=" ">
    <subfield code="a">Linda Ta</subfield>
</datafield>
<datafield tag="700" ind1="0" ind2=" ">
    <subfield code="a">Henrik Sundén</subfield>
</datafield>
</record>