
<record>
<leader>     nab a22     uu 4500</leader>
<controlfield tag="001">253cd7d35aa34a8eaa264da748a52e0e</controlfield>
<datafield tag="022" ind1=" " ind2=" ">
    <subfield code="a">1422-0067</subfield>
</datafield>
<datafield tag="024" ind1="7" ind2=" ">
        <subfield code="a">10.3390/ijms161226098</subfield>
        <subfield code="2">doi</subfield>
    </datafield>
<datafield tag="100" ind1="0" ind2=" ">
    <subfield code="a">Weihong Min</subfield>
</datafield>
<datafield tag="245" ind1="0" ind2="0">
    <subfield code="a">Characterization of Aspartate Kinase from Corynebacterium pekinense and the Critical Site of Arg169</subfield>
</datafield>
<datafield tag="700" ind1="0" ind2=" ">
    <subfield code="a">Huiying Li</subfield>
</datafield>
<datafield tag="700" ind1="0" ind2=" ">
    <subfield code="a">Hongmei Li</subfield>
</datafield>
<datafield tag="700" ind1="0" ind2=" ">
    <subfield code="a">Chunlei Liu</subfield>
</datafield>
<datafield tag="700" ind1="0" ind2=" ">
    <subfield code="a">Jingsheng Liu</subfield>
</datafield>
</record>