
<record>
<leader>     nab a22     uu 4500</leader>
<controlfield tag="001">83bb4f8f7d09467da97780b81ea0c21d</controlfield>
<datafield tag="022" ind1=" " ind2=" ">
    <subfield code="a">2073-8994</subfield>
</datafield>
<datafield tag="024" ind1="7" ind2=" ">
        <subfield code="a">10.3390/sym7042150</subfield>
        <subfield code="2">doi</subfield>
    </datafield>
<datafield tag="100" ind1="0" ind2=" ">
    <subfield code="a">Tosiaki Kori</subfield>
</datafield>
<datafield tag="245" ind1="0" ind2="0">
    <subfield code="a">Quaternifications and Extensions of Current Algebras on S3</subfield>
</datafield>
<datafield tag="700" ind1="0" ind2=" ">
    <subfield code="a">Yuto Imai</subfield>
</datafield>
</record>