
<record>
<leader>     nab a22     uu 4500</leader>
<controlfield tag="001">39227747725f45acbe245dcf81394ee9</controlfield>
<datafield tag="022" ind1=" " ind2=" ">
    <subfield code="a">2075-4418</subfield>
</datafield>
<datafield tag="024" ind1="7" ind2=" ">
        <subfield code="a">10.3390/diagnostics5040513</subfield>
        <subfield code="2">doi</subfield>
    </datafield>
<datafield tag="100" ind1="0" ind2=" ">
    <subfield code="a">Christina Schraml</subfield>
</datafield>
<datafield tag="245" ind1="0" ind2="0">
    <subfield code="a">Imaging of HCC—Current State of the Art</subfield>
</datafield>
<datafield tag="700" ind1="0" ind2=" ">
    <subfield code="a">Sascha Kaufmann</subfield>
</datafield>
<datafield tag="700" ind1="0" ind2=" ">
    <subfield code="a">Hansjoerg Rempp</subfield>
</datafield>
<datafield tag="700" ind1="0" ind2=" ">
    <subfield code="a">Roland Syha</subfield>
</datafield>
<datafield tag="700" ind1="0" ind2=" ">
    <subfield code="a">Dominik Ketelsen</subfield>
</datafield>
<datafield tag="700" ind1="0" ind2=" ">
    <subfield code="a">Mike Notohamiprodjo</subfield>
</datafield>
<datafield tag="700" ind1="0" ind2=" ">
    <subfield code="a">Konstantin Nikolaou</subfield>
</datafield>
</record>