
<record>
<leader>     nab a22     uu 4500</leader>
<controlfield tag="001">515fc66a42e84bdeb8ebd3ad21659646</controlfield>
<datafield tag="022" ind1=" " ind2=" ">
    <subfield code="a">2073-4360</subfield>
</datafield>
<datafield tag="024" ind1="7" ind2=" ">
        <subfield code="a">10.3390/polym7121526</subfield>
        <subfield code="2">doi</subfield>
    </datafield>
<datafield tag="100" ind1="0" ind2=" ">
    <subfield code="a">Mark Billing</subfield>
</datafield>
<datafield tag="245" ind1="0" ind2="0">
    <subfield code="a">Synthesis and Complexation of Well-Defined Labeled Poly(N,N-dimethylaminoethyl methacrylate)s (PDMAEMA)</subfield>
</datafield>
<datafield tag="700" ind1="0" ind2=" ">
    <subfield code="a">Tobias Rudolph</subfield>
</datafield>
<datafield tag="700" ind1="0" ind2=" ">
    <subfield code="a">Eric Täuscher</subfield>
</datafield>
<datafield tag="700" ind1="0" ind2=" ">
    <subfield code="a">Rainer Beckert</subfield>
</datafield>
<datafield tag="700" ind1="0" ind2=" ">
    <subfield code="a">Felix H. Schacher</subfield>
</datafield>
</record>