
<record>
<leader>     nab a22     uu 4500</leader>
<controlfield tag="001">c2932c5f6b6141849e8518136b847473</controlfield>
<datafield tag="022" ind1=" " ind2=" ">
    <subfield code="a">1424-8220</subfield>
</datafield>
<datafield tag="024" ind1="7" ind2=" ">
        <subfield code="a">10.3390/s151229768</subfield>
        <subfield code="2">doi</subfield>
    </datafield>
<datafield tag="100" ind1="0" ind2=" ">
    <subfield code="a">Simon Karpenko</subfield>
</datafield>
<datafield tag="245" ind1="0" ind2="0">
    <subfield code="a">UAV Control on the Basis of 3D Landmark Bearing-Only Observations</subfield>
</datafield>
<datafield tag="700" ind1="0" ind2=" ">
    <subfield code="a">Ivan Konovalenko</subfield>
</datafield>
<datafield tag="700" ind1="0" ind2=" ">
    <subfield code="a">Alexander Miller</subfield>
</datafield>
<datafield tag="700" ind1="0" ind2=" ">
    <subfield code="a">Boris Miller</subfield>
</datafield>
<datafield tag="700" ind1="0" ind2=" ">
    <subfield code="a">Dmitry Nikolaev</subfield>
</datafield>
</record>