
<record>
<leader>     nab a22     uu 4500</leader>
<controlfield tag="001">25bb95aaec104618954a6956e84341df</controlfield>
<datafield tag="022" ind1=" " ind2=" ">
    <subfield code="a">1422-0067</subfield>
</datafield>
<datafield tag="024" ind1="7" ind2=" ">
        <subfield code="a">10.3390/ijms161226097</subfield>
        <subfield code="2">doi</subfield>
    </datafield>
<datafield tag="100" ind1="0" ind2=" ">
    <subfield code="a">Kelly M. Fulton</subfield>
</datafield>
<datafield tag="245" ind1="0" ind2="0">
    <subfield code="a">Polar Glycosylated and Lateral Non-Glycosylated Flagella from Aeromonas hydrophila Strain AH-1 (Serotype O11)</subfield>
</datafield>
<datafield tag="700" ind1="0" ind2=" ">
    <subfield code="a">Elena Mendoza-Barberá</subfield>
</datafield>
<datafield tag="700" ind1="0" ind2=" ">
    <subfield code="a">Susan M. Twine</subfield>
</datafield>
<datafield tag="700" ind1="0" ind2=" ">
    <subfield code="a">Juan M. Tomás</subfield>
</datafield>
<datafield tag="700" ind1="0" ind2=" ">
    <subfield code="a">Susana Merino</subfield>
</datafield>
</record>