
<record>
<leader>     nab a22     uu 4500</leader>
<controlfield tag="001">537cad9d297045fba5791312bf15d1e5</controlfield>
<datafield tag="022" ind1=" " ind2=" ">
    <subfield code="a">1420-3049</subfield>
</datafield>
<datafield tag="024" ind1="7" ind2=" ">
        <subfield code="a">10.3390/molecules201219756</subfield>
        <subfield code="2">doi</subfield>
    </datafield>
<datafield tag="100" ind1="0" ind2=" ">
    <subfield code="a">Wei Long</subfield>
</datafield>
<datafield tag="245" ind1="0" ind2="0">
    <subfield code="a">A Copper-Based Metal-Organic Framework as an Efficient and Reusable Heterogeneous Catalyst for Ullmann and Goldberg Type C–N Coupling Reactions</subfield>
</datafield>
<datafield tag="700" ind1="0" ind2=" ">
    <subfield code="a">Wenge Qiu</subfield>
</datafield>
<datafield tag="700" ind1="0" ind2=" ">
    <subfield code="a">Chongwei Guo</subfield>
</datafield>
<datafield tag="700" ind1="0" ind2=" ">
    <subfield code="a">Chuanqiang Li</subfield>
</datafield>
<datafield tag="700" ind1="0" ind2=" ">
    <subfield code="a">Liyun Song</subfield>
</datafield>
<datafield tag="700" ind1="0" ind2=" ">
    <subfield code="a">Guangmei Bai</subfield>
</datafield>
<datafield tag="700" ind1="0" ind2=" ">
    <subfield code="a">Guizhen Zhang</subfield>
</datafield>
<datafield tag="700" ind1="0" ind2=" ">
    <subfield code="a">Hong He</subfield>
</datafield>
</record>