
<record>
<leader>     nab a22     uu 4500</leader>
<controlfield tag="001">115729fe9cad481681cd5ba7d6161cdf</controlfield>
<datafield tag="022" ind1=" " ind2=" ">
    <subfield code="a">2075-4418</subfield>
</datafield>
<datafield tag="024" ind1="7" ind2=" ">
        <subfield code="a">10.3390/diagnostics5040504</subfield>
        <subfield code="2">doi</subfield>
    </datafield>
<datafield tag="100" ind1="0" ind2=" ">
    <subfield code="a">Andrew J. Larner</subfield>
</datafield>
<datafield tag="245" ind1="0" ind2="0">
    <subfield code="a">Performance-Based Cognitive Screening Instruments: An Extended Analysis of the Time versus Accuracy Trade-off</subfield>
</datafield>
</record>