
<record>
<leader>     nab a22     uu 4500</leader>
<controlfield tag="001">cd34d5771f614ef0b826741e0b4f8dea</controlfield>
<datafield tag="022" ind1=" " ind2=" ">
    <subfield code="a">2072-6694</subfield>
</datafield>
<datafield tag="024" ind1="7" ind2=" ">
        <subfield code="a">10.3390/cancers7040894</subfield>
        <subfield code="2">doi</subfield>
    </datafield>
<datafield tag="100" ind1="0" ind2=" ">
    <subfield code="a">Komaraiah Palle</subfield>
</datafield>
<datafield tag="245" ind1="0" ind2="0">
    <subfield code="a">Aberrant GLI1 Activation in DNA Damage Response, Carcinogenesis and Chemoresistance</subfield>
</datafield>
<datafield tag="700" ind1="0" ind2=" ">
    <subfield code="a">Chinnadurai Mani</subfield>
</datafield>
<datafield tag="700" ind1="0" ind2=" ">
    <subfield code="a">Kaushlendra Tripathi</subfield>
</datafield>
<datafield tag="700" ind1="0" ind2=" ">
    <subfield code="a">Mohammad Athar</subfield>
</datafield>
</record>