
<record>
<leader>     nab a22     uu 4500</leader>
<controlfield tag="001">3a5d3ab7bacd47768b97b16cd9b02ef7</controlfield>
<datafield tag="022" ind1=" " ind2=" ">
    <subfield code="a">2075-1702</subfield>
</datafield>
<datafield tag="024" ind1="7" ind2=" ">
        <subfield code="a">10.3390/machines3040364</subfield>
        <subfield code="2">doi</subfield>
    </datafield>
<datafield tag="100" ind1="0" ind2=" ">
    <subfield code="a">Clemens Fuchs</subfield>
</datafield>
<datafield tag="245" ind1="0" ind2="0">
    <subfield code="a">Trends and Potential of the Market for Combine Harvesters in Germany</subfield>
</datafield>
<datafield tag="700" ind1="0" ind2=" ">
    <subfield code="a">Joachim Kasten</subfield>
</datafield>
<datafield tag="700" ind1="0" ind2=" ">
    <subfield code="a">Mathias Urbanek</subfield>
</datafield>
</record>