
<record>
<leader>     nab a22     uu 4500</leader>
<controlfield tag="001">5a331257803448f8921b288e80b96b81</controlfield>
<datafield tag="022" ind1=" " ind2=" ">
    <subfield code="a">2077-0375</subfield>
</datafield>
<datafield tag="024" ind1="7" ind2=" ">
        <subfield code="a">10.3390/membranes5040810</subfield>
        <subfield code="2">doi</subfield>
    </datafield>
<datafield tag="100" ind1="0" ind2=" ">
    <subfield code="a">Maria Assunta Navarra</subfield>
</datafield>
<datafield tag="245" ind1="0" ind2="0">
    <subfield code="a">Synthesis and Characterization of Cellulose-Based Hydrogels to Be Used as Gel Electrolytes</subfield>
</datafield>
<datafield tag="700" ind1="0" ind2=" ">
    <subfield code="a">Chiara Dal Bosco</subfield>
</datafield>
<datafield tag="700" ind1="0" ind2=" ">
    <subfield code="a">Judith Serra Moreno</subfield>
</datafield>
<datafield tag="700" ind1="0" ind2=" ">
    <subfield code="a">Francesco Maria Vitucci</subfield>
</datafield>
<datafield tag="700" ind1="0" ind2=" ">
    <subfield code="a">Annalisa Paolone</subfield>
</datafield>
<datafield tag="700" ind1="0" ind2=" ">
    <subfield code="a">Stefania Panero</subfield>
</datafield>
</record>