
<record>
<leader>     nab a22     uu 4500</leader>
<controlfield tag="001">f1e9ca55363c4f359f307519e62fb123</controlfield>
<datafield tag="022" ind1=" " ind2=" ">
    <subfield code="a">1422-0067</subfield>
</datafield>
<datafield tag="024" ind1="7" ind2=" ">
        <subfield code="a">10.3390/ijms161226094</subfield>
        <subfield code="2">doi</subfield>
    </datafield>
<datafield tag="100" ind1="0" ind2=" ">
    <subfield code="a">Bénédicte Ndeboko</subfield>
</datafield>
<datafield tag="245" ind1="0" ind2="0">
    <subfield code="a">Therapeutic Potential of Cell Penetrating Peptides (CPPs) and Cationic Polymers for Chronic Hepatitis B</subfield>
</datafield>
<datafield tag="700" ind1="0" ind2=" ">
    <subfield code="a">Guy Joseph Lemamy</subfield>
</datafield>
<datafield tag="700" ind1="0" ind2=" ">
    <subfield code="a">Peter. E Nielsen</subfield>
</datafield>
<datafield tag="700" ind1="0" ind2=" ">
    <subfield code="a">Lucyna Cova</subfield>
</datafield>
</record>