
<record>
<leader>     nab a22     uu 4500</leader>
<controlfield tag="001">30eb804514a34976b5d3f179d476d905</controlfield>
<datafield tag="022" ind1=" " ind2=" ">
    <subfield code="a">1422-0067</subfield>
</datafield>
<datafield tag="024" ind1="7" ind2=" ">
        <subfield code="a">10.3390/ijms161226095</subfield>
        <subfield code="2">doi</subfield>
    </datafield>
<datafield tag="100" ind1="0" ind2=" ">
    <subfield code="a">Adriana Covarrubias-Pinto</subfield>
</datafield>
<datafield tag="245" ind1="0" ind2="0">
    <subfield code="a">Old Things New View: Ascorbic Acid Protects the Brain in Neurodegenerative Disorders</subfield>
</datafield>
<datafield tag="700" ind1="0" ind2=" ">
    <subfield code="a">Aníbal Ignacio Acuña</subfield>
</datafield>
<datafield tag="700" ind1="0" ind2=" ">
    <subfield code="a">Felipe Andrés Beltrán</subfield>
</datafield>
<datafield tag="700" ind1="0" ind2=" ">
    <subfield code="a">Leandro Torres-Díaz</subfield>
</datafield>
<datafield tag="700" ind1="0" ind2=" ">
    <subfield code="a">Maite Aintzane Castro</subfield>
</datafield>
</record>