
<record>
<leader>     nab a22     uu 4500</leader>
<controlfield tag="001">b4df8bd1ac3f452a8b7d40f63cbc8dc3</controlfield>
<datafield tag="022" ind1=" " ind2=" ">
    <subfield code="a">1422-0067</subfield>
</datafield>
<datafield tag="024" ind1="7" ind2=" ">
        <subfield code="a">10.3390/ijms161226092</subfield>
        <subfield code="2">doi</subfield>
    </datafield>
<datafield tag="100" ind1="0" ind2=" ">
    <subfield code="a">Daisuke Ibi</subfield>
</datafield>
<datafield tag="245" ind1="0" ind2="0">
    <subfield code="a">Therapeutic Targets for Neurodevelopmental Disorders Emerging from Animal Models with Perinatal Immune Activation</subfield>
</datafield>
<datafield tag="700" ind1="0" ind2=" ">
    <subfield code="a">Kiyofumi Yamada</subfield>
</datafield>
</record>