
<record>
<leader>     nab a22     uu 4500</leader>
<controlfield tag="001">e146de4eb2444bfb88c544a5b90dccf3</controlfield>
<datafield tag="022" ind1=" " ind2=" ">
    <subfield code="a">2077-1444</subfield>
</datafield>
<datafield tag="024" ind1="7" ind2=" ">
        <subfield code="a">10.3390/rel6041358</subfield>
        <subfield code="2">doi</subfield>
    </datafield>
<datafield tag="100" ind1="0" ind2=" ">
    <subfield code="a">Arndt Büssing</subfield>
</datafield>
<datafield tag="245" ind1="0" ind2="0">
    <subfield code="a">Reliance on God’s Help Scale as a Measure of Religious Trust—A Summary of Findings</subfield>
</datafield>
<datafield tag="700" ind1="0" ind2=" ">
    <subfield code="a">Daniela Rodrigues Recchia</subfield>
</datafield>
<datafield tag="700" ind1="0" ind2=" ">
    <subfield code="a">Klaus Baumann</subfield>
</datafield>
</record>