
<record>
<leader>     nab a22     uu 4500</leader>
<controlfield tag="001">5c5b22c71d3a46ec90a6481c193b99d1</controlfield>
<datafield tag="022" ind1=" " ind2=" ">
    <subfield code="a">1420-3049</subfield>
</datafield>
<datafield tag="024" ind1="7" ind2=" ">
        <subfield code="a">10.3390/molecules201219752</subfield>
        <subfield code="2">doi</subfield>
    </datafield>
<datafield tag="100" ind1="0" ind2=" ">
    <subfield code="a">Md. Abul Hasnat</subfield>
</datafield>
<datafield tag="245" ind1="0" ind2="0">
    <subfield code="a">Apigenin Attenuates Melanoma Cell Migration by Inducing Anoikis through Integrin and Focal Adhesion Kinase Inhibition</subfield>
</datafield>
<datafield tag="700" ind1="0" ind2=" ">
    <subfield code="a">Mehnaz Pervin</subfield>
</datafield>
<datafield tag="700" ind1="0" ind2=" ">
    <subfield code="a">Ji Hong Lim</subfield>
</datafield>
<datafield tag="700" ind1="0" ind2=" ">
    <subfield code="a">Beong Ou Lim</subfield>
</datafield>
</record>