
<record>
<leader>     nab a22     uu 4500</leader>
<controlfield tag="001">45c6d07238a24bd9b8426195149ac136</controlfield>
<datafield tag="022" ind1=" " ind2=" ">
    <subfield code="a">2072-6651</subfield>
</datafield>
<datafield tag="024" ind1="7" ind2=" ">
        <subfield code="a">10.3390/toxins7124865</subfield>
        <subfield code="2">doi</subfield>
    </datafield>
<datafield tag="100" ind1="0" ind2=" ">
    <subfield code="a">Leopoldo Palma</subfield>
</datafield>
<datafield tag="245" ind1="0" ind2="0">
    <subfield code="a">Comments on Ekino et al. Cloning and Characterization of a Unique Cytotoxic Protein Parasporin-5 Produced by Bacillus thuringiensis A1100 Strain. Toxins 2014, 6, 1882–1895</subfield>
</datafield>
</record>