
<record>
<leader>     nab a22     uu 4500</leader>
<controlfield tag="001">935ad576a0f247a2b6c1c5de689b3acd</controlfield>
<datafield tag="022" ind1=" " ind2=" ">
    <subfield code="a">1996-1944</subfield>
</datafield>
<datafield tag="024" ind1="7" ind2=" ">
        <subfield code="a">10.3390/ma8125445</subfield>
        <subfield code="2">doi</subfield>
    </datafield>
<datafield tag="100" ind1="0" ind2=" ">
    <subfield code="a">Marco Corradi</subfield>
</datafield>
<datafield tag="245" ind1="0" ind2="0">
    <subfield code="a">Experimental Analysis of Dynamic Effects of FRP Reinforced Masonry Vaults</subfield>
</datafield>
<datafield tag="700" ind1="0" ind2=" ">
    <subfield code="a">Antonio Borri</subfield>
</datafield>
<datafield tag="700" ind1="0" ind2=" ">
    <subfield code="a">Giulio Castori</subfield>
</datafield>
<datafield tag="700" ind1="0" ind2=" ">
    <subfield code="a">Kathryn Coventry</subfield>
</datafield>
</record>