
<record>
<leader>     nab a22     uu 4500</leader>
<controlfield tag="001">0d4916eacb1849849a745c8539ef721d</controlfield>
<datafield tag="022" ind1=" " ind2=" ">
    <subfield code="a">1999-4907</subfield>
</datafield>
<datafield tag="024" ind1="7" ind2=" ">
        <subfield code="a">10.3390/f6124374</subfield>
        <subfield code="2">doi</subfield>
    </datafield>
<datafield tag="100" ind1="0" ind2=" ">
    <subfield code="a">Hsiao-Hsuan Wang</subfield>
</datafield>
<datafield tag="245" ind1="0" ind2="0">
    <subfield code="a">Species Distribution Model for Management of an Invasive Vine in Forestlands of Eastern Texas</subfield>
</datafield>
<datafield tag="700" ind1="0" ind2=" ">
    <subfield code="a">Tomasz E. Koralewski</subfield>
</datafield>
<datafield tag="700" ind1="0" ind2=" ">
    <subfield code="a">Erin K. McGrew</subfield>
</datafield>
<datafield tag="700" ind1="0" ind2=" ">
    <subfield code="a">William E. Grant</subfield>
</datafield>
<datafield tag="700" ind1="0" ind2=" ">
    <subfield code="a">Thomas D. Byram</subfield>
</datafield>
</record>