
<record>
<leader>     nab a22     uu 4500</leader>
<controlfield tag="001">8918adaa7fb3484093d9691a8b372780</controlfield>
<datafield tag="022" ind1=" " ind2=" ">
    <subfield code="a">2220-9964</subfield>
</datafield>
<datafield tag="024" ind1="7" ind2=" ">
        <subfield code="a">10.3390/ijgi4042681</subfield>
        <subfield code="2">doi</subfield>
    </datafield>
<datafield tag="100" ind1="0" ind2=" ">
    <subfield code="a">Adriaan Perrels</subfield>
</datafield>
<datafield tag="245" ind1="0" ind2="0">
    <subfield code="a">Weather Conditions, Weather Information and Car Crashes</subfield>
</datafield>
<datafield tag="700" ind1="0" ind2=" ">
    <subfield code="a">Athanasios Votsis</subfield>
</datafield>
<datafield tag="700" ind1="0" ind2=" ">
    <subfield code="a">Väinö Nurmi</subfield>
</datafield>
<datafield tag="700" ind1="0" ind2=" ">
    <subfield code="a">Karoliina Pilli-Sihvola</subfield>
</datafield>
</record>