
<record>
<leader>     nab a22     uu 4500</leader>
<controlfield tag="001">123b9507a4054de282a9ef582e283d48</controlfield>
<datafield tag="022" ind1=" " ind2=" ">
    <subfield code="a">2079-7737</subfield>
</datafield>
<datafield tag="024" ind1="7" ind2=" ">
        <subfield code="a">10.3390/biology4040860</subfield>
        <subfield code="2">doi</subfield>
    </datafield>
<datafield tag="100" ind1="0" ind2=" ">
    <subfield code="a">Yulema Valero</subfield>
</datafield>
<datafield tag="245" ind1="0" ind2="0">
    <subfield code="a">Fish Peroxiredoxins and Their Role in Immunity</subfield>
</datafield>
<datafield tag="700" ind1="0" ind2=" ">
    <subfield code="a">Francisco J. Martínez-Morcillo</subfield>
</datafield>
<datafield tag="700" ind1="0" ind2=" ">
    <subfield code="a">M. Ángeles Esteban</subfield>
</datafield>
<datafield tag="700" ind1="0" ind2=" ">
    <subfield code="a">Elena Chaves-Pozo</subfield>
</datafield>
<datafield tag="700" ind1="0" ind2=" ">
    <subfield code="a">Alberto Cuesta</subfield>
</datafield>
</record>