
<record>
<leader>     nab a22     uu 4500</leader>
<controlfield tag="001">b22773bc4dbf4fde8111374255e4c016</controlfield>
<datafield tag="022" ind1=" " ind2=" ">
    <subfield code="a">1420-3049</subfield>
</datafield>
<datafield tag="024" ind1="7" ind2=" ">
        <subfield code="a">10.3390/molecules201219757</subfield>
        <subfield code="2">doi</subfield>
    </datafield>
<datafield tag="100" ind1="0" ind2=" ">
    <subfield code="a">Ela Alcántara-Flores</subfield>
</datafield>
<datafield tag="245" ind1="0" ind2="0">
    <subfield code="a">Argentatin B Inhibits Proliferation of Prostate and Colon Cancer Cells by Inducing Cell Senescence</subfield>
</datafield>
<datafield tag="700" ind1="0" ind2=" ">
    <subfield code="a">Alicia Enriqueta Brechú-Franco</subfield>
</datafield>
<datafield tag="700" ind1="0" ind2=" ">
    <subfield code="a">Patricia García-López</subfield>
</datafield>
<datafield tag="700" ind1="0" ind2=" ">
    <subfield code="a">Leticia Rocha-Zavaleta</subfield>
</datafield>
<datafield tag="700" ind1="0" ind2=" ">
    <subfield code="a">Rebeca López-Marure</subfield>
</datafield>
<datafield tag="700" ind1="0" ind2=" ">
    <subfield code="a">Mariano Martínez-Vázquez</subfield>
</datafield>
</record>