
<record>
<leader>     nab a22     uu 4500</leader>
<controlfield tag="001">8cfa087c7ff6458691ce98d546428426</controlfield>
<datafield tag="022" ind1=" " ind2=" ">
    <subfield code="a">2076-3905</subfield>
</datafield>
<datafield tag="024" ind1="7" ind2=" ">
        <subfield code="a">10.3390/microarrays4040647</subfield>
        <subfield code="2">doi</subfield>
    </datafield>
<datafield tag="100" ind1="0" ind2=" ">
    <subfield code="a">Ioannis Valavanis</subfield>
</datafield>
<datafield tag="245" ind1="0" ind2="0">
    <subfield code="a">Cancer Biomarkers from Genome-Scale DNA Methylation: Comparison of Evolutionary and Semantic Analysis Methods</subfield>
</datafield>
<datafield tag="700" ind1="0" ind2=" ">
    <subfield code="a">Eleftherios Pilalis</subfield>
</datafield>
<datafield tag="700" ind1="0" ind2=" ">
    <subfield code="a">Panagiotis Georgiadis</subfield>
</datafield>
<datafield tag="700" ind1="0" ind2=" ">
    <subfield code="a">Soterios Kyrtopoulos</subfield>
</datafield>
<datafield tag="700" ind1="0" ind2=" ">
    <subfield code="a">Aristotelis Chatziioannou</subfield>
</datafield>
</record>