
<record>
<leader>     nab a22     uu 4500</leader>
<controlfield tag="001">c4218cba4fe840f182857f319ede2f18</controlfield>
<datafield tag="022" ind1=" " ind2=" ">
    <subfield code="a">1660-4601</subfield>
</datafield>
<datafield tag="024" ind1="7" ind2=" ">
        <subfield code="a">10.3390/ijerph121214960</subfield>
        <subfield code="2">doi</subfield>
    </datafield>
<datafield tag="100" ind1="0" ind2=" ">
    <subfield code="a">Jill Johnston</subfield>
</datafield>
<datafield tag="245" ind1="0" ind2="0">
    <subfield code="a">Indoor Air Contamination from Hazardous Waste Sites: Improving the Evidence Base for Decision-Making</subfield>
</datafield>
<datafield tag="700" ind1="0" ind2=" ">
    <subfield code="a">Jacqueline MacDonald Gibson</subfield>
</datafield>
</record>