
<record>
<leader>     nab a22     uu 4500</leader>
<controlfield tag="001">9a4244628d2d4c1d93b034a48a6c5094</controlfield>
<datafield tag="022" ind1=" " ind2=" ">
    <subfield code="a">2071-1050</subfield>
</datafield>
<datafield tag="024" ind1="7" ind2=" ">
        <subfield code="a">10.3390/su71215789</subfield>
        <subfield code="2">doi</subfield>
    </datafield>
<datafield tag="100" ind1="0" ind2=" ">
    <subfield code="a">Rui Xing</subfield>
</datafield>
<datafield tag="245" ind1="0" ind2="0">
    <subfield code="a">Energy Service Demand Projections and CO2 Reduction Potentials in Rural Households in 31 Chinese Provinces</subfield>
</datafield>
<datafield tag="700" ind1="0" ind2=" ">
    <subfield code="a">Tatsuya Hanaoka</subfield>
</datafield>
<datafield tag="700" ind1="0" ind2=" ">
    <subfield code="a">Yuko Kanamori</subfield>
</datafield>
<datafield tag="700" ind1="0" ind2=" ">
    <subfield code="a">Hancheng Dai</subfield>
</datafield>
<datafield tag="700" ind1="0" ind2=" ">
    <subfield code="a">Toshihiko Masui</subfield>
</datafield>
</record>