
<record>
<leader>     nab a22     uu 4500</leader>
<controlfield tag="001">80761981e3c6410f859fced3fff4c4f1</controlfield>
<datafield tag="022" ind1=" " ind2=" ">
    <subfield code="a">2075-4442</subfield>
</datafield>
<datafield tag="024" ind1="7" ind2=" ">
        <subfield code="a">10.3390/lubricants3040650</subfield>
        <subfield code="2">doi</subfield>
    </datafield>
<datafield tag="100" ind1="0" ind2=" ">
    <subfield code="a">Noelia Saurín</subfield>
</datafield>
<datafield tag="245" ind1="0" ind2="0">
    <subfield code="a">Ionic Nanofluids in Tribology</subfield>
</datafield>
<datafield tag="700" ind1="0" ind2=" ">
    <subfield code="a">Tulia Espinosa</subfield>
</datafield>
<datafield tag="700" ind1="0" ind2=" ">
    <subfield code="a">José Sanes</subfield>
</datafield>
<datafield tag="700" ind1="0" ind2=" ">
    <subfield code="a">Francisco-José Carrión</subfield>
</datafield>
<datafield tag="700" ind1="0" ind2=" ">
    <subfield code="a">María-Dolores Bermúdez</subfield>
</datafield>
</record>