
<record>
<leader>     nab a22     uu 4500</leader>
<controlfield tag="001">6f78ba86cc2c4367b8c4fe040bc7560a</controlfield>
<datafield tag="022" ind1=" " ind2=" ">
    <subfield code="a">1660-4601</subfield>
</datafield>
<datafield tag="024" ind1="7" ind2=" ">
        <subfield code="a">10.3390/ijerph121214968</subfield>
        <subfield code="2">doi</subfield>
    </datafield>
<datafield tag="100" ind1="0" ind2=" ">
    <subfield code="a">Tanya Haman</subfield>
</datafield>
<datafield tag="245" ind1="0" ind2="0">
    <subfield code="a">Low Levels of Awareness of Lead Hazards among Pregnant Women in a High Risk—Johannesburg Neighbourhood</subfield>
</datafield>
<datafield tag="700" ind1="0" ind2=" ">
    <subfield code="a">Angela Mathee</subfield>
</datafield>
<datafield tag="700" ind1="0" ind2=" ">
    <subfield code="a">Andre Swart</subfield>
</datafield>
</record>