
<record>
<leader>     nab a22     uu 4500</leader>
<controlfield tag="001">d56e730b29354c4eb58c2f8fbec70abf</controlfield>
<datafield tag="022" ind1=" " ind2=" ">
    <subfield code="a">2073-4425</subfield>
</datafield>
<datafield tag="024" ind1="7" ind2=" ">
        <subfield code="a">10.3390/genes6041242</subfield>
        <subfield code="2">doi</subfield>
    </datafield>
<datafield tag="100" ind1="0" ind2=" ">
    <subfield code="a">Hongjun Zhang</subfield>
</datafield>
<datafield tag="245" ind1="0" ind2="0">
    <subfield code="a">Molecular and Cytogenetic Characterization of New Wheat—Dasypyrum breviaristatum Derivatives with Post-Harvest Re-Growth Habit</subfield>
</datafield>
<datafield tag="700" ind1="0" ind2=" ">
    <subfield code="a">Guangrong Li</subfield>
</datafield>
<datafield tag="700" ind1="0" ind2=" ">
    <subfield code="a">Donghai Li</subfield>
</datafield>
<datafield tag="700" ind1="0" ind2=" ">
    <subfield code="a">Dan Gao</subfield>
</datafield>
<datafield tag="700" ind1="0" ind2=" ">
    <subfield code="a">Jie Zhang</subfield>
</datafield>
<datafield tag="700" ind1="0" ind2=" ">
    <subfield code="a">Ennian Yang</subfield>
</datafield>
<datafield tag="700" ind1="0" ind2=" ">
    <subfield code="a">Zujun Yang</subfield>
</datafield>
</record>