
<record>
<leader>     nab a22     uu 4500</leader>
<controlfield tag="001">c15f1a2c1af34179b72516d7c9250505</controlfield>
<datafield tag="022" ind1=" " ind2=" ">
    <subfield code="a">2079-9268</subfield>
</datafield>
<datafield tag="024" ind1="7" ind2=" ">
        <subfield code="a">10.3390/jlpea5040257</subfield>
        <subfield code="2">doi</subfield>
    </datafield>
<datafield tag="100" ind1="0" ind2=" ">
    <subfield code="a">Alessandro Bertacchini</subfield>
</datafield>
<datafield tag="245" ind1="0" ind2="0">
    <subfield code="a">Reconfigurable RF Energy Harvester with Customized Differential PCB Antenna</subfield>
</datafield>
<datafield tag="700" ind1="0" ind2=" ">
    <subfield code="a">Luca Larcher</subfield>
</datafield>
<datafield tag="700" ind1="0" ind2=" ">
    <subfield code="a">Moreno Maini</subfield>
</datafield>
<datafield tag="700" ind1="0" ind2=" ">
    <subfield code="a">Luca Vincetti</subfield>
</datafield>
<datafield tag="700" ind1="0" ind2=" ">
    <subfield code="a">Stefano Scorcioni</subfield>
</datafield>
</record>