
<record>
<leader>     nab a22     uu 4500</leader>
<controlfield tag="001">d3c45d686dcc44109ee28de6927ef3d1</controlfield>
<datafield tag="022" ind1=" " ind2=" ">
    <subfield code="a">2075-5309</subfield>
</datafield>
<datafield tag="024" ind1="7" ind2=" ">
        <subfield code="a">10.3390/buildings5041265</subfield>
        <subfield code="2">doi</subfield>
    </datafield>
<datafield tag="100" ind1="0" ind2=" ">
    <subfield code="a">Hasan Burak Cavka</subfield>
</datafield>
<datafield tag="245" ind1="0" ind2="0">
    <subfield code="a">Evaluating the Alignment of Organizational and Project Contexts for BIM Adoption: A Case Study of a Large Owner Organization</subfield>
</datafield>
<datafield tag="700" ind1="0" ind2=" ">
    <subfield code="a">Sheryl Staub-French</subfield>
</datafield>
<datafield tag="700" ind1="0" ind2=" ">
    <subfield code="a">Rachel Pottinger</subfield>
</datafield>
</record>