
<record>
<leader>     nab a22     uu 4500</leader>
<controlfield tag="001">8c509d1fec1740c7aa3d8d0f335e586e</controlfield>
<datafield tag="022" ind1=" " ind2=" ">
    <subfield code="a">2078-1547</subfield>
</datafield>
<datafield tag="024" ind1="7" ind2=" ">
        <subfield code="a">10.3390/challe6020271</subfield>
        <subfield code="2">doi</subfield>
    </datafield>
<datafield tag="100" ind1="0" ind2=" ">
    <subfield code="a">Oluseyi O. Adeleke</subfield>
</datafield>
<datafield tag="245" ind1="0" ind2="0">
    <subfield code="a">Estimation of Groundwater Recharges Using Empirical Formulae in Odeda Local Government Area, Ogun State, Nigeria</subfield>
</datafield>
<datafield tag="700" ind1="0" ind2=" ">
    <subfield code="a">Victor Makinde</subfield>
</datafield>
<datafield tag="700" ind1="0" ind2=" ">
    <subfield code="a">Ayobami O. Eruola</subfield>
</datafield>
<datafield tag="700" ind1="0" ind2=" ">
    <subfield code="a">Oluwaseun F. Dada</subfield>
</datafield>
<datafield tag="700" ind1="0" ind2=" ">
    <subfield code="a">Akintayo O. Ojo</subfield>
</datafield>
<datafield tag="700" ind1="0" ind2=" ">
    <subfield code="a">Taiwo J. Aluko</subfield>
</datafield>
</record>