
<record>
<leader>     nab a22     uu 4500</leader>
<controlfield tag="001">62e242d95ab64fbaaffb7d026caf4b74</controlfield>
<datafield tag="022" ind1=" " ind2=" ">
    <subfield code="a">1424-8220</subfield>
</datafield>
<datafield tag="024" ind1="7" ind2=" ">
        <subfield code="a">10.3390/s151229766</subfield>
        <subfield code="2">doi</subfield>
    </datafield>
<datafield tag="100" ind1="0" ind2=" ">
    <subfield code="a">Thanh-Tung Nguyen</subfield>
</datafield>
<datafield tag="245" ind1="0" ind2="0">
    <subfield code="a">Throughput Maximization for Sensor-Aided Cognitive Radio Networks with Continuous Energy Arrivals</subfield>
</datafield>
<datafield tag="700" ind1="0" ind2=" ">
    <subfield code="a">Insoo Koo</subfield>
</datafield>
</record>