
<record>
<leader>     nab a22     uu 4500</leader>
<controlfield tag="001">0a0361c0c60e4fef858b8f88b5eb7eb5</controlfield>
<datafield tag="022" ind1=" " ind2=" ">
    <subfield code="a">2076-393x</subfield>
</datafield>
<datafield tag="024" ind1="7" ind2=" ">
        <subfield code="a">10.3390/vaccines3040973</subfield>
        <subfield code="2">doi</subfield>
    </datafield>
<datafield tag="100" ind1="0" ind2=" ">
    <subfield code="a">Edgar Rascón-Castelo</subfield>
</datafield>
<datafield tag="245" ind1="0" ind2="0">
    <subfield code="a">Immune Response of Multiparous Hyper-Immunized Sows against Peptides from Non-Structural and Structural Proteins of PRRSV</subfield>
</datafield>
<datafield tag="700" ind1="0" ind2=" ">
    <subfield code="a">Alexel Burgara-Estrella</subfield>
</datafield>
<datafield tag="700" ind1="0" ind2=" ">
    <subfield code="a">Mónica Reséndiz-Sandoval</subfield>
</datafield>
<datafield tag="700" ind1="0" ind2=" ">
    <subfield code="a">Andrés Hernández-Lugo</subfield>
</datafield>
<datafield tag="700" ind1="0" ind2=" ">
    <subfield code="a">Jesús Hernández</subfield>
</datafield>
</record>