
<record>
<leader>     nab a22     uu 4500</leader>
<controlfield tag="001">58485561af544c63923eacff632ae6a4</controlfield>
<datafield tag="022" ind1=" " ind2=" ">
    <subfield code="a">2071-1050</subfield>
</datafield>
<datafield tag="024" ind1="7" ind2=" ">
        <subfield code="a">10.3390/su71215787</subfield>
        <subfield code="2">doi</subfield>
    </datafield>
<datafield tag="100" ind1="0" ind2=" ">
    <subfield code="a">Gang Du</subfield>
</datafield>
<datafield tag="245" ind1="0" ind2="0">
    <subfield code="a">Location Planning Problem of Service Centers for Sustainable Home Healthcare: Evidence from the Empirical Analysis of Shanghai</subfield>
</datafield>
<datafield tag="700" ind1="0" ind2=" ">
    <subfield code="a">Chuanwang Sun</subfield>
</datafield>
</record>