
<record>
<leader>     nab a22     uu 4500</leader>
<controlfield tag="001">867d5bd16d5b4fa7afe6587badd51dbd</controlfield>
<datafield tag="022" ind1=" " ind2=" ">
    <subfield code="a">2076-3417</subfield>
</datafield>
<datafield tag="024" ind1="7" ind2=" ">
        <subfield code="a">10.3390/app5041412</subfield>
        <subfield code="2">doi</subfield>
    </datafield>
<datafield tag="100" ind1="0" ind2=" ">
    <subfield code="a">Adriana Savin</subfield>
</datafield>
<datafield tag="245" ind1="0" ind2="0">
    <subfield code="a">Enhancement of Spatial Resolution Using a Metamaterial Sensor in Nondestructive Evaluation</subfield>
</datafield>
<datafield tag="700" ind1="0" ind2=" ">
    <subfield code="a">Alina Bruma</subfield>
</datafield>
<datafield tag="700" ind1="0" ind2=" ">
    <subfield code="a">Rozina Steigmann</subfield>
</datafield>
<datafield tag="700" ind1="0" ind2=" ">
    <subfield code="a">Nicoleta Iftimie</subfield>
</datafield>
<datafield tag="700" ind1="0" ind2=" ">
    <subfield code="a">Dagmar Faktorova</subfield>
</datafield>
</record>