
<record>
<leader>     nab a22     uu 4500</leader>
<controlfield tag="001">aa79c8b5b1f14373a049543e38222685</controlfield>
<datafield tag="022" ind1=" " ind2=" ">
    <subfield code="a">1424-8220</subfield>
</datafield>
<datafield tag="024" ind1="7" ind2=" ">
        <subfield code="a">10.3390/s151229765</subfield>
        <subfield code="2">doi</subfield>
    </datafield>
<datafield tag="100" ind1="0" ind2=" ">
    <subfield code="a">Setia Budi</subfield>
</datafield>
<datafield tag="245" ind1="0" ind2="0">
    <subfield code="a">Optimisation in the Design of Environmental Sensor Networks with Robustness Consideration</subfield>
</datafield>
<datafield tag="700" ind1="0" ind2=" ">
    <subfield code="a">Paulo de Souza</subfield>
</datafield>
<datafield tag="700" ind1="0" ind2=" ">
    <subfield code="a">Greg Timms</subfield>
</datafield>
<datafield tag="700" ind1="0" ind2=" ">
    <subfield code="a">Vishv Malhotra</subfield>
</datafield>
<datafield tag="700" ind1="0" ind2=" ">
    <subfield code="a">Paul Turner</subfield>
</datafield>
</record>