
<record>
<leader>     nab a22     uu 4500</leader>
<controlfield tag="001">c582fb59cf754c9fbef08d3ec3dc7c0c</controlfield>
<datafield tag="022" ind1=" " ind2=" ">
    <subfield code="a">2076-3417</subfield>
</datafield>
<datafield tag="024" ind1="7" ind2=" ">
        <subfield code="a">10.3390/app5041431</subfield>
        <subfield code="2">doi</subfield>
    </datafield>
<datafield tag="100" ind1="0" ind2=" ">
    <subfield code="a">Takeshi Yoshida</subfield>
</datafield>
<datafield tag="245" ind1="0" ind2="0">
    <subfield code="a">Theoretical Analysis of Dependence of Nonlinear Effects in Mode-Locked Yb:YAG Lasers with a Highly Nonlinear Intra-Cavity Medium</subfield>
</datafield>
<datafield tag="700" ind1="0" ind2=" ">
    <subfield code="a">Hiroaki Okunishi</subfield>
</datafield>
<datafield tag="700" ind1="0" ind2=" ">
    <subfield code="a">Keisuke Kyomoto</subfield>
</datafield>
<datafield tag="700" ind1="0" ind2=" ">
    <subfield code="a">Kento Kato</subfield>
</datafield>
<datafield tag="700" ind1="0" ind2=" ">
    <subfield code="a">Kyosuke Shimabayashi</subfield>
</datafield>
<datafield tag="700" ind1="0" ind2=" ">
    <subfield code="a">Shinichi Inayoshi</subfield>
</datafield>
<datafield tag="700" ind1="0" ind2=" ">
    <subfield code="a">Motoki Morioka</subfield>
</datafield>
<datafield tag="700" ind1="0" ind2=" ">
    <subfield code="a">Sakae Kawato</subfield>
</datafield>
</record>