
<record>
<leader>     nab a22     uu 4500</leader>
<controlfield tag="001">de8c17223e8c49a2b9d89a7060bc3197</controlfield>
<datafield tag="022" ind1=" " ind2=" ">
    <subfield code="a">2072-4292</subfield>
</datafield>
<datafield tag="024" ind1="7" ind2=" ">
        <subfield code="a">10.3390/rs71215810</subfield>
        <subfield code="2">doi</subfield>
    </datafield>
<datafield tag="100" ind1="0" ind2=" ">
    <subfield code="a">Steven Saul</subfield>
</datafield>
<datafield tag="245" ind1="0" ind2="0">
    <subfield code="a">Semi-Automated Object-Based Classification of Coral Reef Habitat using Discrete Choice Models</subfield>
</datafield>
<datafield tag="700" ind1="0" ind2=" ">
    <subfield code="a">Sam Purkis</subfield>
</datafield>
</record>