
<record>
<leader>     nab a22     uu 4500</leader>
<controlfield tag="001">2d015f7bf1ab4ffcb3f248045ba838f9</controlfield>
<datafield tag="022" ind1=" " ind2=" ">
    <subfield code="a">2077-1444</subfield>
</datafield>
<datafield tag="024" ind1="7" ind2=" ">
        <subfield code="a">10.3390/rel6041346</subfield>
        <subfield code="2">doi</subfield>
    </datafield>
<datafield tag="100" ind1="0" ind2=" ">
    <subfield code="a">René van Leeuwen</subfield>
</datafield>
<datafield tag="245" ind1="0" ind2="0">
    <subfield code="a">Nurses’ Perceptions of Spirituality and Spiritual Care in Different Health Care Settings in the Netherlands</subfield>
</datafield>
<datafield tag="700" ind1="0" ind2=" ">
    <subfield code="a">Annemiek Schep-Akkerman</subfield>
</datafield>
</record>