
<record>
<leader>     nab a22     uu 4500</leader>
<controlfield tag="001">0a74de16ab2c4dde9a7927ebd2c33343</controlfield>
<datafield tag="022" ind1=" " ind2=" ">
    <subfield code="a">2076-3417</subfield>
</datafield>
<datafield tag="024" ind1="7" ind2=" ">
        <subfield code="a">10.3390/app5041399</subfield>
        <subfield code="2">doi</subfield>
    </datafield>
<datafield tag="100" ind1="0" ind2=" ">
    <subfield code="a">Zhen Peng</subfield>
</datafield>
<datafield tag="245" ind1="0" ind2="0">
    <subfield code="a">NHL and RCGA Based Multi-Relational Fuzzy Cognitive Map Modeling for Complex Systems</subfield>
</datafield>
<datafield tag="700" ind1="0" ind2=" ">
    <subfield code="a">Lifeng Wu</subfield>
</datafield>
<datafield tag="700" ind1="0" ind2=" ">
    <subfield code="a">Zhenguo Chen</subfield>
</datafield>
</record>