
<record>
<leader>     nab a22     uu 4500</leader>
<controlfield tag="001">b93a9069e06344c98de1f9ff29b0d8dd</controlfield>
<datafield tag="022" ind1=" " ind2=" ">
    <subfield code="a">2071-1050</subfield>
</datafield>
<datafield tag="024" ind1="7" ind2=" ">
        <subfield code="a">10.3390/su71215786</subfield>
        <subfield code="2">doi</subfield>
    </datafield>
<datafield tag="100" ind1="0" ind2=" ">
    <subfield code="a">Shunichi Hienuki</subfield>
</datafield>
<datafield tag="245" ind1="0" ind2="0">
    <subfield code="a">Establishing a Framework for Evaluating Environmental and Socio-Economic Impacts by Power Generation Technology Using an Input–output Table—A Case Study of Japanese Future Electricity Grid Mix</subfield>
</datafield>
<datafield tag="700" ind1="0" ind2=" ">
    <subfield code="a">Yuki Kudoh</subfield>
</datafield>
<datafield tag="700" ind1="0" ind2=" ">
    <subfield code="a">Hiroki Hondo</subfield>
</datafield>
</record>