
<record>
<leader>     nab a22     uu 4500</leader>
<controlfield tag="001">df9960ef383a469c83427c3f51e46224</controlfield>
<datafield tag="022" ind1=" " ind2=" ">
    <subfield code="a">2072-4292</subfield>
</datafield>
<datafield tag="024" ind1="7" ind2=" ">
        <subfield code="a">10.3390/rs71215808</subfield>
        <subfield code="2">doi</subfield>
    </datafield>
<datafield tag="100" ind1="0" ind2=" ">
    <subfield code="a">Duy Ba Nguyen</subfield>
</datafield>
<datafield tag="245" ind1="0" ind2="0">
    <subfield code="a">Mapping Rice Seasonality in the Mekong Delta with Multi-Year Envisat ASAR WSM Data</subfield>
</datafield>
<datafield tag="700" ind1="0" ind2=" ">
    <subfield code="a">Kersten Clauss</subfield>
</datafield>
<datafield tag="700" ind1="0" ind2=" ">
    <subfield code="a">Senmao Cao</subfield>
</datafield>
<datafield tag="700" ind1="0" ind2=" ">
    <subfield code="a">Vahid Naeimi</subfield>
</datafield>
<datafield tag="700" ind1="0" ind2=" ">
    <subfield code="a">Claudia Kuenzer</subfield>
</datafield>
<datafield tag="700" ind1="0" ind2=" ">
    <subfield code="a">Wolfgang Wagner</subfield>
</datafield>
</record>