
<record>
<leader>     nab a22     uu 4500</leader>
<controlfield tag="001">71087b2bcd13447fa75002d7c72768ed</controlfield>
<datafield tag="022" ind1=" " ind2=" ">
    <subfield code="a">1999-4915</subfield>
</datafield>
<datafield tag="024" ind1="7" ind2=" ">
        <subfield code="a">10.3390/v7122921</subfield>
        <subfield code="2">doi</subfield>
    </datafield>
<datafield tag="100" ind1="0" ind2=" ">
    <subfield code="a">Janice Kim</subfield>
</datafield>
<datafield tag="245" ind1="0" ind2="0">
    <subfield code="a">Stem Cell-Based Cell Carrier for Targeted Oncolytic Virotherapy: Translational Opportunity and Open Questions</subfield>
</datafield>
<datafield tag="700" ind1="0" ind2=" ">
    <subfield code="a">Robert R. Hall</subfield>
</datafield>
<datafield tag="700" ind1="0" ind2=" ">
    <subfield code="a">Maciej S. Lesniak</subfield>
</datafield>
<datafield tag="700" ind1="0" ind2=" ">
    <subfield code="a">Atique U. Ahmed</subfield>
</datafield>
</record>