
<record>
<leader>     nab a22     uu 4500</leader>
<controlfield tag="001">b44017a070074762b2cbf5392dd76294</controlfield>
<datafield tag="022" ind1=" " ind2=" ">
    <subfield code="a">2076-0787</subfield>
</datafield>
<datafield tag="024" ind1="7" ind2=" ">
        <subfield code="a">10.3390/h4040861</subfield>
        <subfield code="2">doi</subfield>
    </datafield>
<datafield tag="100" ind1="0" ind2=" ">
    <subfield code="a">Robert Allan</subfield>
</datafield>
<datafield tag="245" ind1="0" ind2="0">
    <subfield code="a">“Oh, this is What It Feels Like”: A Role for the Body in Learning an Evidence-Based Practice</subfield>
</datafield>
<datafield tag="700" ind1="0" ind2=" ">
    <subfield code="a">Virginia Eatough</subfield>
</datafield>
<datafield tag="700" ind1="0" ind2=" ">
    <subfield code="a">Micahel Ungar</subfield>
</datafield>
</record>