
<record>
<leader>     nab a22     uu 4500</leader>
<controlfield tag="001">e4b3bd6870ad4a6fac75f895e04b2d25</controlfield>
<datafield tag="022" ind1=" " ind2=" ">
    <subfield code="a">2076-0787</subfield>
</datafield>
<datafield tag="024" ind1="7" ind2=" ">
        <subfield code="a">10.3390/h4040885</subfield>
        <subfield code="2">doi</subfield>
    </datafield>
<datafield tag="100" ind1="0" ind2=" ">
    <subfield code="a">Daihyun Chung</subfield>
</datafield>
<datafield tag="245" ind1="0" ind2="0">
    <subfield code="a">The Ubiquity of Humanity and Textuality in Human Experience</subfield>
</datafield>
</record>