
<record>
<leader>     nab a22     uu 4500</leader>
<controlfield tag="001">587ae41fa0ea4574aced3a33f770e827</controlfield>
<datafield tag="022" ind1=" " ind2=" ">
    <subfield code="a">2072-6651</subfield>
</datafield>
<datafield tag="024" ind1="7" ind2=" ">
        <subfield code="a">10.3390/toxins7124864</subfield>
        <subfield code="2">doi</subfield>
    </datafield>
<datafield tag="100" ind1="0" ind2=" ">
    <subfield code="a">Palmira De Bellis</subfield>
</datafield>
<datafield tag="245" ind1="0" ind2="0">
    <subfield code="a">Biodegradation of Ochratoxin A by Bacterial Strains Isolated from Vineyard Soils</subfield>
</datafield>
<datafield tag="700" ind1="0" ind2=" ">
    <subfield code="a">Mariana Tristezza</subfield>
</datafield>
<datafield tag="700" ind1="0" ind2=" ">
    <subfield code="a">Miriam Haidukowski</subfield>
</datafield>
<datafield tag="700" ind1="0" ind2=" ">
    <subfield code="a">Francesca Fanelli</subfield>
</datafield>
<datafield tag="700" ind1="0" ind2=" ">
    <subfield code="a">Angelo Sisto</subfield>
</datafield>
<datafield tag="700" ind1="0" ind2=" ">
    <subfield code="a">Giuseppina Mulè</subfield>
</datafield>
<datafield tag="700" ind1="0" ind2=" ">
    <subfield code="a">Francesco Grieco</subfield>
</datafield>
</record>