
<record>
<leader>     nab a22     uu 4500</leader>
<controlfield tag="001">baa9673ca95f4c9f9a5a41fd64833861</controlfield>
<datafield tag="022" ind1=" " ind2=" ">
    <subfield code="a">2072-4292</subfield>
</datafield>
<datafield tag="024" ind1="7" ind2=" ">
        <subfield code="a">10.3390/rs71215807</subfield>
        <subfield code="2">doi</subfield>
    </datafield>
<datafield tag="100" ind1="0" ind2=" ">
    <subfield code="a">Andreas Preußer</subfield>
</datafield>
<datafield tag="245" ind1="0" ind2="0">
    <subfield code="a">Multi-Decadal Variability of Polynya Characteristics and Ice Production in the North Water Polynya by Means of Passive Microwave and Thermal Infrared Satellite Imagery</subfield>
</datafield>
<datafield tag="700" ind1="0" ind2=" ">
    <subfield code="a">Günther Heinemann</subfield>
</datafield>
<datafield tag="700" ind1="0" ind2=" ">
    <subfield code="a">Sascha Willmes</subfield>
</datafield>
<datafield tag="700" ind1="0" ind2=" ">
    <subfield code="a">Stephan Paul</subfield>
</datafield>
</record>