
<record>
<leader>     nab a22     uu 4500</leader>
<controlfield tag="001">90b9ca26e5e7492ba5d50aabfedaaee1</controlfield>
<datafield tag="022" ind1=" " ind2=" ">
    <subfield code="a">1999-4915</subfield>
</datafield>
<datafield tag="024" ind1="7" ind2=" ">
        <subfield code="a">10.3390/v7122932</subfield>
        <subfield code="2">doi</subfield>
    </datafield>
<datafield tag="100" ind1="0" ind2=" ">
    <subfield code="a">Eugenijus Šimoliūnas</subfield>
</datafield>
<datafield tag="245" ind1="0" ind2="0">
    <subfield code="a">Incomplete LPS Core-Specific Felix01-Like Virus vB_EcoM_VpaE1</subfield>
</datafield>
<datafield tag="700" ind1="0" ind2=" ">
    <subfield code="a">Monika Vilkaitytė</subfield>
</datafield>
<datafield tag="700" ind1="0" ind2=" ">
    <subfield code="a">Laura Kaliniene</subfield>
</datafield>
<datafield tag="700" ind1="0" ind2=" ">
    <subfield code="a">Aurelija Zajančkauskaitė</subfield>
</datafield>
<datafield tag="700" ind1="0" ind2=" ">
    <subfield code="a">Algirdas Kaupinis</subfield>
</datafield>
<datafield tag="700" ind1="0" ind2=" ">
    <subfield code="a">Juozas Staniulis</subfield>
</datafield>
<datafield tag="700" ind1="0" ind2=" ">
    <subfield code="a">Mindaugas Valius</subfield>
</datafield>
<datafield tag="700" ind1="0" ind2=" ">
    <subfield code="a">Rolandas Meškys</subfield>
</datafield>
<datafield tag="700" ind1="0" ind2=" ">
    <subfield code="a">Lidija Truncaitė</subfield>
</datafield>
</record>