
<record>
<leader>     nab a22     uu 4500</leader>
<controlfield tag="001">69f9f915c153450dbdfd21f33f02552a</controlfield>
<datafield tag="022" ind1=" " ind2=" ">
    <subfield code="a">1999-4915</subfield>
</datafield>
<datafield tag="024" ind1="7" ind2=" ">
        <subfield code="a">10.3390/v7122926</subfield>
        <subfield code="2">doi</subfield>
    </datafield>
<datafield tag="100" ind1="0" ind2=" ">
    <subfield code="a">Joyce Jose</subfield>
</datafield>
<datafield tag="245" ind1="0" ind2="0">
    <subfield code="a">Fluorescent Protein-Tagged Sindbis Virus E2 Glycoprotein Allows Single Particle Analysis of Virus Budding from Live Cells</subfield>
</datafield>
<datafield tag="700" ind1="0" ind2=" ">
    <subfield code="a">Jinghua Tang</subfield>
</datafield>
<datafield tag="700" ind1="0" ind2=" ">
    <subfield code="a">Aaron B. Taylor</subfield>
</datafield>
<datafield tag="700" ind1="0" ind2=" ">
    <subfield code="a">Timothy S. Baker</subfield>
</datafield>
<datafield tag="700" ind1="0" ind2=" ">
    <subfield code="a">Richard J. Kuhn</subfield>
</datafield>
</record>