
<record>
<leader>     nab a22     uu 4500</leader>
<controlfield tag="001">2a4895b4a39c4fbd8920266360969a81</controlfield>
<datafield tag="022" ind1=" " ind2=" ">
    <subfield code="a">2072-6651</subfield>
</datafield>
<datafield tag="024" ind1="7" ind2=" ">
        <subfield code="a">10.3390/toxins7124863</subfield>
        <subfield code="2">doi</subfield>
    </datafield>
<datafield tag="100" ind1="0" ind2=" ">
    <subfield code="a">Luisa W. Cheng</subfield>
</datafield>
<datafield tag="245" ind1="0" ind2="0">
    <subfield code="a">Use of Monoclonal Antibodies in the Sensitive Detection and Neutralization of Botulinum Neurotoxin Serotype B</subfield>
</datafield>
<datafield tag="700" ind1="0" ind2=" ">
    <subfield code="a">Thomas D. Henderson</subfield>
</datafield>
<datafield tag="700" ind1="0" ind2=" ">
    <subfield code="a">Tina I. Lam</subfield>
</datafield>
<datafield tag="700" ind1="0" ind2=" ">
    <subfield code="a">Larry H. Stanker</subfield>
</datafield>
</record>