
<record>
<leader>     nab a22     uu 4500</leader>
<controlfield tag="001">b7b738cd706146b79c2e0ee82b4b16e9</controlfield>
<datafield tag="022" ind1=" " ind2=" ">
    <subfield code="a">1996-1944</subfield>
</datafield>
<datafield tag="024" ind1="7" ind2=" ">
        <subfield code="a">10.3390/ma8125443</subfield>
        <subfield code="2">doi</subfield>
    </datafield>
<datafield tag="100" ind1="0" ind2=" ">
    <subfield code="a">Robert E. Melchers</subfield>
</datafield>
<datafield tag="245" ind1="0" ind2="0">
    <subfield code="a">Effect of Water Nutrient Pollution on Long-Term Corrosion of 90:10 Copper Nickel Alloy</subfield>
</datafield>
</record>