
<record>
<leader>     nab a22     uu 4500</leader>
<controlfield tag="001">d17c2ebe95b840e892d7abbec6a734c4</controlfield>
<datafield tag="022" ind1=" " ind2=" ">
    <subfield code="a">2072-6651</subfield>
</datafield>
<datafield tag="024" ind1="7" ind2=" ">
        <subfield code="a">10.3390/toxins7124862</subfield>
        <subfield code="2">doi</subfield>
    </datafield>
<datafield tag="100" ind1="0" ind2=" ">
    <subfield code="a">Shuai Yan</subfield>
</datafield>
<datafield tag="245" ind1="0" ind2="0">
    <subfield code="a">Recent Advances in Research on Widow Spider Venoms and Toxins</subfield>
</datafield>
<datafield tag="700" ind1="0" ind2=" ">
    <subfield code="a">Xianchun Wang</subfield>
</datafield>
</record>