
<record>
<leader>     nab a22     uu 4500</leader>
<controlfield tag="001">7222787a4b0d466aba96b6bcee22704d</controlfield>
<datafield tag="022" ind1=" " ind2=" ">
    <subfield code="a">2304-6767</subfield>
</datafield>
<datafield tag="024" ind1="7" ind2=" ">
        <subfield code="a">10.3390/dj3040133</subfield>
        <subfield code="2">doi</subfield>
    </datafield>
<datafield tag="100" ind1="0" ind2=" ">
    <subfield code="a">Dimitrios Tziafas</subfield>
</datafield>
<datafield tag="245" ind1="0" ind2="0">
    <subfield code="a">Dentinogenic Specificity in the Preclinical Evaluation of Vital Pulp Treatment Strategies: A Critical Review</subfield>
</datafield>
<datafield tag="700" ind1="0" ind2=" ">
    <subfield code="a">Konstantinos Kodonas</subfield>
</datafield>
</record>