
<record>
<leader>     nab a22     uu 4500</leader>
<controlfield tag="001">5a392416ec784e1b9d5a93f966eee9d8</controlfield>
<datafield tag="022" ind1=" " ind2=" ">
    <subfield code="a">2075-163x</subfield>
</datafield>
<datafield tag="024" ind1="7" ind2=" ">
        <subfield code="a">10.3390/min5040527</subfield>
        <subfield code="2">doi</subfield>
    </datafield>
<datafield tag="100" ind1="0" ind2=" ">
    <subfield code="a">Friedrich-W. Wellmer</subfield>
</datafield>
<datafield tag="245" ind1="0" ind2="0">
    <subfield code="a">The Feedback Control Cycle of Mineral Supply, Increase of Raw Material Efficiency, and Sustainable Development</subfield>
</datafield>
<datafield tag="700" ind1="0" ind2=" ">
    <subfield code="a">Christian Hagelüken</subfield>
</datafield>
</record>