
<record>
<leader>     nab a22     uu 4500</leader>
<controlfield tag="001">b0f1dd84ad4546dfa1bc6effd3f40f6c</controlfield>
<datafield tag="022" ind1=" " ind2=" ">
    <subfield code="a">1660-3397</subfield>
</datafield>
<datafield tag="024" ind1="7" ind2=" ">
        <subfield code="a">10.3390/md13127058</subfield>
        <subfield code="2">doi</subfield>
    </datafield>
<datafield tag="100" ind1="0" ind2=" ">
    <subfield code="a">Heidi Wichmann</subfield>
</datafield>
<datafield tag="245" ind1="0" ind2="0">
    <subfield code="a">Cytotoxic Effects of Tropodithietic Acid on Mammalian Clonal Cell Lines of Neuronal and Glial Origin</subfield>
</datafield>
<datafield tag="700" ind1="0" ind2=" ">
    <subfield code="a">Farina Vocke</subfield>
</datafield>
<datafield tag="700" ind1="0" ind2=" ">
    <subfield code="a">Thorsten Brinkhoff</subfield>
</datafield>
<datafield tag="700" ind1="0" ind2=" ">
    <subfield code="a">Meinhard Simon</subfield>
</datafield>
<datafield tag="700" ind1="0" ind2=" ">
    <subfield code="a">Christiane Richter-Landsberg</subfield>
</datafield>
</record>