
<record>
<leader>     nab a22     uu 4500</leader>
<controlfield tag="001">b33d6236b1934d338b6b7714e07b8c5c</controlfield>
<datafield tag="022" ind1=" " ind2=" ">
    <subfield code="a">1999-4915</subfield>
</datafield>
<datafield tag="024" ind1="7" ind2=" ">
        <subfield code="a">10.3390/v7122931</subfield>
        <subfield code="2">doi</subfield>
    </datafield>
<datafield tag="100" ind1="0" ind2=" ">
    <subfield code="a">Mohamed Mahdi</subfield>
</datafield>
<datafield tag="245" ind1="0" ind2="0">
    <subfield code="a">Inhibition Profiling of Retroviral Protease Inhibitors Using an HIV-2 Modular System</subfield>
</datafield>
<datafield tag="700" ind1="0" ind2=" ">
    <subfield code="a">Zsófia Szojka</subfield>
</datafield>
<datafield tag="700" ind1="0" ind2=" ">
    <subfield code="a">János András Mótyán</subfield>
</datafield>
<datafield tag="700" ind1="0" ind2=" ">
    <subfield code="a">József Tőzsér</subfield>
</datafield>
</record>