
<record>
<leader>     nab a22     uu 4500</leader>
<controlfield tag="001">68dfff2628cd423c8a1f440e0b360774</controlfield>
<datafield tag="022" ind1=" " ind2=" ">
    <subfield code="a">1420-3049</subfield>
</datafield>
<datafield tag="024" ind1="7" ind2=" ">
        <subfield code="a">10.3390/molecules201219755</subfield>
        <subfield code="2">doi</subfield>
    </datafield>
<datafield tag="100" ind1="0" ind2=" ">
    <subfield code="a">Gaëlle Malik</subfield>
</datafield>
<datafield tag="245" ind1="0" ind2="0">
    <subfield code="a">When Phosphosugars Meet Gold: Synthesis and Catalytic Activities of Phostones and Polyhydroxylated Phosphonite Au(I) Complexes</subfield>
</datafield>
<datafield tag="700" ind1="0" ind2=" ">
    <subfield code="a">Angélique Ferry</subfield>
</datafield>
<datafield tag="700" ind1="0" ind2=" ">
    <subfield code="a">Xavier Guinchard</subfield>
</datafield>
</record>