
<record>
<leader>     nab a22     uu 4500</leader>
<controlfield tag="001">bfd6faf83568431ebccc95cc4eff88b3</controlfield>
<datafield tag="022" ind1=" " ind2=" ">
    <subfield code="a">1420-3049</subfield>
</datafield>
<datafield tag="024" ind1="7" ind2=" ">
        <subfield code="a">10.3390/molecules201219749</subfield>
        <subfield code="2">doi</subfield>
    </datafield>
<datafield tag="100" ind1="0" ind2=" ">
    <subfield code="a">Loránd Kiss</subfield>
</datafield>
<datafield tag="245" ind1="0" ind2="0">
    <subfield code="a">Stereo- and Regiocontrolled Syntheses of Exomethylenic Cyclohexane β-Amino Acid Derivatives</subfield>
</datafield>
<datafield tag="700" ind1="0" ind2=" ">
    <subfield code="a">Enikő Forró</subfield>
</datafield>
<datafield tag="700" ind1="0" ind2=" ">
    <subfield code="a">György Orsy</subfield>
</datafield>
<datafield tag="700" ind1="0" ind2=" ">
    <subfield code="a">Renáta Ábrahámi</subfield>
</datafield>
<datafield tag="700" ind1="0" ind2=" ">
    <subfield code="a">Ferenc Fülöp</subfield>
</datafield>
</record>