
<record>
<leader>     nab a22     uu 4500</leader>
<controlfield tag="001">c97e96d658894ea5b67bf97eecf4e322</controlfield>
<datafield tag="022" ind1=" " ind2=" ">
    <subfield code="a">2072-6643</subfield>
</datafield>
<datafield tag="024" ind1="7" ind2=" ">
        <subfield code="a">10.3390/nu7125497</subfield>
        <subfield code="2">doi</subfield>
    </datafield>
<datafield tag="100" ind1="0" ind2=" ">
    <subfield code="a">Spenser Reed</subfield>
</datafield>
<datafield tag="245" ind1="0" ind2="0">
    <subfield code="a">Chronic Zinc Deficiency Alters Chick Gut Microbiota Composition and Function</subfield>
</datafield>
<datafield tag="700" ind1="0" ind2=" ">
    <subfield code="a">Hadar Neuman</subfield>
</datafield>
<datafield tag="700" ind1="0" ind2=" ">
    <subfield code="a">Sharon Moscovich</subfield>
</datafield>
<datafield tag="700" ind1="0" ind2=" ">
    <subfield code="a">Raymond P. Glahn</subfield>
</datafield>
<datafield tag="700" ind1="0" ind2=" ">
    <subfield code="a">Omry Koren</subfield>
</datafield>
<datafield tag="700" ind1="0" ind2=" ">
    <subfield code="a">Elad Tako</subfield>
</datafield>
</record>