
<record>
<leader>     nab a22     uu 4500</leader>
<controlfield tag="001">18d7a860b0fa4dac9973f2eb2c60f2f7</controlfield>
<datafield tag="022" ind1=" " ind2=" ">
    <subfield code="a">1420-3049</subfield>
</datafield>
<datafield tag="024" ind1="7" ind2=" ">
        <subfield code="a">10.3390/molecules201219746</subfield>
        <subfield code="2">doi</subfield>
    </datafield>
<datafield tag="100" ind1="0" ind2=" ">
    <subfield code="a">Zenaida Saavedra-Leos</subfield>
</datafield>
<datafield tag="245" ind1="0" ind2="0">
    <subfield code="a">Technological Application of Maltodextrins According to the Degree of Polymerization</subfield>
</datafield>
<datafield tag="700" ind1="0" ind2=" ">
    <subfield code="a">César Leyva-Porras</subfield>
</datafield>
<datafield tag="700" ind1="0" ind2=" ">
    <subfield code="a">Sandra B. Araujo-Díaz</subfield>
</datafield>
<datafield tag="700" ind1="0" ind2=" ">
    <subfield code="a">Alberto Toxqui-Terán</subfield>
</datafield>
<datafield tag="700" ind1="0" ind2=" ">
    <subfield code="a">Anahí J. Borrás-Enríquez</subfield>
</datafield>
</record>