
<record>
<leader>     nab a22     uu 4500</leader>
<controlfield tag="001">ceaa26656b7c4aeab8a2467f3f1726fe</controlfield>
<datafield tag="022" ind1=" " ind2=" ">
    <subfield code="a">2073-4441</subfield>
</datafield>
<datafield tag="024" ind1="7" ind2=" ">
        <subfield code="a">10.3390/w7126652</subfield>
        <subfield code="2">doi</subfield>
    </datafield>
<datafield tag="100" ind1="0" ind2=" ">
    <subfield code="a">Soojun Kim</subfield>
</datafield>
<datafield tag="245" ind1="0" ind2="0">
    <subfield code="a">Application of the Entropy Method to Select Calibration Sites for Hydrological Modeling</subfield>
</datafield>
<datafield tag="700" ind1="0" ind2=" ">
    <subfield code="a">Yonsoo Kim</subfield>
</datafield>
<datafield tag="700" ind1="0" ind2=" ">
    <subfield code="a">Narae Kang</subfield>
</datafield>
<datafield tag="700" ind1="0" ind2=" ">
    <subfield code="a">Hung Soo Kim</subfield>
</datafield>
</record>