
<record>
<leader>     nab a22     uu 4500</leader>
<controlfield tag="001">50abcf3617654523a5646a35c7e43e74</controlfield>
<datafield tag="022" ind1=" " ind2=" ">
    <subfield code="a">2073-4441</subfield>
</datafield>
<datafield tag="024" ind1="7" ind2=" ">
        <subfield code="a">10.3390/w7126655</subfield>
        <subfield code="2">doi</subfield>
    </datafield>
<datafield tag="100" ind1="0" ind2=" ">
    <subfield code="a">Pilar Paneque</subfield>
</datafield>
<datafield tag="245" ind1="0" ind2="0">
    <subfield code="a">Drought Management Strategies in Spain</subfield>
</datafield>
</record>