
<record>
<leader>     nab a22     uu 4500</leader>
<controlfield tag="001">c4681cd98ca24368b5ac4ea7c43574f3</controlfield>
<datafield tag="022" ind1=" " ind2=" ">
    <subfield code="a">1999-4915</subfield>
</datafield>
<datafield tag="024" ind1="7" ind2=" ">
        <subfield code="a">10.3390/v7122928</subfield>
        <subfield code="2">doi</subfield>
    </datafield>
<datafield tag="100" ind1="0" ind2=" ">
    <subfield code="a">Claudia Claus</subfield>
</datafield>
<datafield tag="245" ind1="0" ind2="0">
    <subfield code="a">Activation of the Mitochondrial Apoptotic Signaling Platform during Rubella Virus Infection</subfield>
</datafield>
<datafield tag="700" ind1="0" ind2=" ">
    <subfield code="a">Lena Manssen</subfield>
</datafield>
<datafield tag="700" ind1="0" ind2=" ">
    <subfield code="a">Denise Hübner</subfield>
</datafield>
<datafield tag="700" ind1="0" ind2=" ">
    <subfield code="a">Sarah Roßmark</subfield>
</datafield>
<datafield tag="700" ind1="0" ind2=" ">
    <subfield code="a">Viktoria Bothe</subfield>
</datafield>
<datafield tag="700" ind1="0" ind2=" ">
    <subfield code="a">Alice Petzold</subfield>
</datafield>
<datafield tag="700" ind1="0" ind2=" ">
    <subfield code="a">Claudia Große</subfield>
</datafield>
<datafield tag="700" ind1="0" ind2=" ">
    <subfield code="a">Mareen Reins</subfield>
</datafield>
<datafield tag="700" ind1="0" ind2=" ">
    <subfield code="a">Annette Mankertz</subfield>
</datafield>
<datafield tag="700" ind1="0" ind2=" ">
    <subfield code="a">Teryl K. Frey</subfield>
</datafield>
<datafield tag="700" ind1="0" ind2=" ">
    <subfield code="a">Uwe G. Liebert</subfield>
</datafield>
</record>