
<record>
<leader>     nab a22     uu 4500</leader>
<controlfield tag="001">97ddef7878de4aa6bdf4a9fef3e3fef0</controlfield>
<datafield tag="022" ind1=" " ind2=" ">
    <subfield code="a">2073-4441</subfield>
</datafield>
<datafield tag="024" ind1="7" ind2=" ">
        <subfield code="a">10.3390/w7126656</subfield>
        <subfield code="2">doi</subfield>
    </datafield>
<datafield tag="100" ind1="0" ind2=" ">
    <subfield code="a">Ha-Kyung Kim</subfield>
</datafield>
<datafield tag="245" ind1="0" ind2="0">
    <subfield code="a">Distribution of Epilithic Diatoms in Estuaries of  the Korean Peninsula in Relation to  Environmental Variables</subfield>
</datafield>
<datafield tag="700" ind1="0" ind2=" ">
    <subfield code="a">Yong-Su Kwon</subfield>
</datafield>
<datafield tag="700" ind1="0" ind2=" ">
    <subfield code="a">Yong-Jae Kim</subfield>
</datafield>
<datafield tag="700" ind1="0" ind2=" ">
    <subfield code="a">Baik-Ho Kim</subfield>
</datafield>
</record>