
<record>
<leader>     nab a22     uu 4500</leader>
<controlfield tag="001">7b80a334d14d46d39687a276136f3349</controlfield>
<datafield tag="022" ind1=" " ind2=" ">
    <subfield code="a">2305-6304</subfield>
</datafield>
<datafield tag="024" ind1="7" ind2=" ">
        <subfield code="a">10.3390/toxics3040462</subfield>
        <subfield code="2">doi</subfield>
    </datafield>
<datafield tag="100" ind1="0" ind2=" ">
    <subfield code="a">Lyndsay E. Saunders</subfield>
</datafield>
<datafield tag="245" ind1="0" ind2="0">
    <subfield code="a">Glyphosate in Runoff Waters and in the Root-Zone: A Review</subfield>
</datafield>
<datafield tag="700" ind1="0" ind2=" ">
    <subfield code="a">Reza Pezeshki</subfield>
</datafield>
</record>