
<record>
<leader>     nab a22     uu 4500</leader>
<controlfield tag="001">27b7d3d16de84f98bbf4be49c58da9c7</controlfield>
<datafield tag="022" ind1=" " ind2=" ">
    <subfield code="a">2073-4441</subfield>
</datafield>
<datafield tag="024" ind1="7" ind2=" ">
        <subfield code="a">10.3390/w7126653</subfield>
        <subfield code="2">doi</subfield>
    </datafield>
<datafield tag="100" ind1="0" ind2=" ">
    <subfield code="a">Qifeng Zhuang</subfield>
</datafield>
<datafield tag="245" ind1="0" ind2="0">
    <subfield code="a">Estimating Evapotranspiration from an Improved Two-Source Energy Balance Model Using ASTER Satellite Imagery</subfield>
</datafield>
<datafield tag="700" ind1="0" ind2=" ">
    <subfield code="a">Bingfang Wu</subfield>
</datafield>
</record>