
<record>
<leader>     nab a22     uu 4500</leader>
<controlfield tag="001">6a97d3c76e064edd8d8eb4b2bc431b58</controlfield>
<datafield tag="022" ind1=" " ind2=" ">
    <subfield code="a">2072-4292</subfield>
</datafield>
<datafield tag="024" ind1="7" ind2=" ">
        <subfield code="a">10.3390/rs71215804</subfield>
        <subfield code="2">doi</subfield>
    </datafield>
<datafield tag="100" ind1="0" ind2=" ">
    <subfield code="a">Nandin-Erdene Tsendbazar</subfield>
</datafield>
<datafield tag="245" ind1="0" ind2="0">
    <subfield code="a">Spatial Accuracy Assessment and Integration of Global Land Cover Datasets</subfield>
</datafield>
<datafield tag="700" ind1="0" ind2=" ">
    <subfield code="a">Sytze de Bruin</subfield>
</datafield>
<datafield tag="700" ind1="0" ind2=" ">
    <subfield code="a">Steffen Fritz</subfield>
</datafield>
<datafield tag="700" ind1="0" ind2=" ">
    <subfield code="a">Martin Herold</subfield>
</datafield>
</record>