
<record>
<leader>     nab a22     uu 4500</leader>
<controlfield tag="001">deb39beb36c2476ca1ac27a6ca62ac83</controlfield>
<datafield tag="022" ind1=" " ind2=" ">
    <subfield code="a">2071-1050</subfield>
</datafield>
<datafield tag="024" ind1="7" ind2=" ">
        <subfield code="a">10.3390/su71215785</subfield>
        <subfield code="2">doi</subfield>
    </datafield>
<datafield tag="100" ind1="0" ind2=" ">
    <subfield code="a">Han-Shen Chen</subfield>
</datafield>
<datafield tag="245" ind1="0" ind2="0">
    <subfield code="a">Establishment and Applied Research on aWetland Ecosystem Evaluation Model in Taiwan</subfield>
</datafield>
</record>