
<record>
<leader>     nab a22     uu 4500</leader>
<controlfield tag="001">3cc544c29e4f4469a6f5cb42fb64d010</controlfield>
<datafield tag="022" ind1=" " ind2=" ">
    <subfield code="a">2079-8954</subfield>
</datafield>
<datafield tag="024" ind1="7" ind2=" ">
        <subfield code="a">10.3390/systems3040330</subfield>
        <subfield code="2">doi</subfield>
    </datafield>
<datafield tag="100" ind1="0" ind2=" ">
    <subfield code="a">Luke Houghton</subfield>
</datafield>
<datafield tag="245" ind1="0" ind2="0">
    <subfield code="a">Feral Information Systems Creation as Sensemaking</subfield>
</datafield>
<datafield tag="700" ind1="0" ind2=" ">
    <subfield code="a">Don Kerr</subfield>
</datafield>
</record>