
<record>
<leader>     nab a22     uu 4500</leader>
<controlfield tag="001">eceba2b3fe034959890e8042459115bd</controlfield>
<datafield tag="022" ind1=" " ind2=" ">
    <subfield code="a">2227-9717</subfield>
</datafield>
<datafield tag="024" ind1="7" ind2=" ">
        <subfield code="a">10.3390/pr3040769</subfield>
        <subfield code="2">doi</subfield>
    </datafield>
<datafield tag="100" ind1="0" ind2=" ">
    <subfield code="a">Rozalina Keremedchieva</subfield>
</datafield>
<datafield tag="245" ind1="0" ind2="0">
    <subfield code="a">Ionic Liquid-Based Aqueous Biphasic Systems—A Facile Approach for Ionic Liquid Regeneration from Crude  Plant Extracts</subfield>
</datafield>
<datafield tag="700" ind1="0" ind2=" ">
    <subfield code="a">Ivan Svinyarov</subfield>
</datafield>
<datafield tag="700" ind1="0" ind2=" ">
    <subfield code="a">Milen G. Bogdanov</subfield>
</datafield>
</record>