
<record>
<leader>     nab a22     uu 4500</leader>
<controlfield tag="001">7cddc2001dc74ecaac818446a804f2ec</controlfield>
<datafield tag="022" ind1=" " ind2=" ">
    <subfield code="a">2076-2615</subfield>
</datafield>
<datafield tag="024" ind1="7" ind2=" ">
        <subfield code="a">10.3390/ani5040406</subfield>
        <subfield code="2">doi</subfield>
    </datafield>
<datafield tag="100" ind1="0" ind2=" ">
    <subfield code="a">Sabine G. Gebhardt-Henrich</subfield>
</datafield>
<datafield tag="245" ind1="0" ind2="0">
    <subfield code="a">Early Onset of Laying and Bumblefoot Favor Keel Bone Fractures</subfield>
</datafield>
<datafield tag="700" ind1="0" ind2=" ">
    <subfield code="a">Ernst K. F. Fröhlich</subfield>
</datafield>
</record>