
<record>
<leader>     nab a22     uu 4500</leader>
<controlfield tag="001">5965d9a2ceb643c5b44a37cf217fb2a8</controlfield>
<datafield tag="022" ind1=" " ind2=" ">
    <subfield code="a">2067-2764|2247-6202</subfield>
</datafield>

<datafield tag="100" ind1="0" ind2=" ">
    <subfield code="a">Musha Takaaki</subfield>
</datafield>
<datafield tag="245" ind1="0" ind2="0">
    <subfield code="a">Primality Testing and Factorization by using Fourier Spectrum of the Riemann Zeta Function</subfield>
</datafield>
</record>