
<record>
<leader>     nab a22     uu 4500</leader>
<controlfield tag="001">8ef413065e064a5b9fa375ece9cb0fcc</controlfield>
<datafield tag="022" ind1=" " ind2=" ">
    <subfield code="a">2067-2764|2247-6202</subfield>
</datafield>

<datafield tag="100" ind1="0" ind2=" ">
    <subfield code="a">H. M. Srivastava</subfield>
</datafield>
<datafield tag="245" ind1="0" ind2="0">
    <subfield code="a">Some Families of q-Series Identities and Associated Continued Fractions</subfield>
</datafield>
<datafield tag="700" ind1="0" ind2=" ">
    <subfield code="a">S. N. Singh</subfield>
</datafield>
<datafield tag="700" ind1="0" ind2=" ">
    <subfield code="a">S. P. Singh</subfield>
</datafield>
</record>