
<record>
<leader>     nab a22     uu 4500</leader>
<controlfield tag="001">51e4d8baa99f45be91f7511581e70dcf</controlfield>
<datafield tag="022" ind1=" " ind2=" ">
    <subfield code="a">2067-2764|2247-6202</subfield>
</datafield>

<datafield tag="100" ind1="0" ind2=" ">
    <subfield code="a">A. Khan Vakeel</subfield>
</datafield>
<datafield tag="245" ind1="0" ind2="0">
    <subfield code="a">Zweier I-Convergent Double Sequence Spaces Defined by a Sequence of Modulii</subfield>
</datafield>
<datafield tag="700" ind1="0" ind2=" ">
    <subfield code="a"> Khan Nazneen</subfield>
</datafield>
<datafield tag="700" ind1="0" ind2=" ">
    <subfield code="a">Yasmeen</subfield>
</datafield>
</record>