
<record>
<leader>     nab a22     uu 4500</leader>
<controlfield tag="001">7d449001593d41349d931b02c46fea66</controlfield>
<datafield tag="022" ind1=" " ind2=" ">
    <subfield code="a">2067-2764|2247-6202</subfield>
</datafield>

<datafield tag="100" ind1="0" ind2=" ">
    <subfield code="a">Basem Aref Frasin</subfield>
</datafield>
<datafield tag="245" ind1="0" ind2="0">
    <subfield code="a">Initial Maclaurin Coecients Bounds for New Subclasses of Bi-univalent Functions</subfield>
</datafield>
<datafield tag="700" ind1="0" ind2=" ">
    <subfield code="a">Tariq Al-Hawary</subfield>
</datafield>
</record>