
<record>
<leader>     nab a22     uu 4500</leader>
<controlfield tag="001">ac14c9c370014bd69ece80e78da13017</controlfield>
<datafield tag="022" ind1=" " ind2=" ">
    <subfield code="a">2067-2764|2247-6202</subfield>
</datafield>

<datafield tag="100" ind1="0" ind2=" ">
    <subfield code="a">E. A-iyeh</subfield>
</datafield>
<datafield tag="245" ind1="0" ind2="0">
    <subfield code="a">Measure of Tessellation Quality of Voronoï Meshes</subfield>
</datafield>
<datafield tag="700" ind1="0" ind2=" ">
    <subfield code="a">J.F. Peters</subfield>
</datafield>
</record>