
<record>
<leader>     nab a22     uu 4500</leader>
<controlfield tag="001">6f48cbb09c49415b92340281ea3a8bb0</controlfield>
<datafield tag="022" ind1=" " ind2=" ">
    <subfield code="a">2067-2764|2247-6202</subfield>
</datafield>

<datafield tag="100" ind1="0" ind2=" ">
    <subfield code="a">Sorin Nădăban</subfield>
</datafield>
<datafield tag="245" ind1="0" ind2="0">
    <subfield code="a">Katsaras’s Type Fuzzy Norm under Triangular Norms</subfield>
</datafield>
<datafield tag="700" ind1="0" ind2=" ">
    <subfield code="a">Tudor Bînzar</subfield>
</datafield>
<datafield tag="700" ind1="0" ind2=" ">
    <subfield code="a">Flavius Pater</subfield>
</datafield>
<datafield tag="700" ind1="0" ind2=" ">
    <subfield code="a">Carmen Țerei</subfield>
</datafield>
<datafield tag="700" ind1="0" ind2=" ">
    <subfield code="a">Sorin Hoară</subfield>
</datafield>
</record>