
<record>
<leader>     nab a22     uu 4500</leader>
<controlfield tag="001">3e19700969ad43d78130f441a03ae609</controlfield>
<datafield tag="022" ind1=" " ind2=" ">
    <subfield code="a">2067-2764|2247-6202</subfield>
</datafield>

<datafield tag="100" ind1="0" ind2=" ">
    <subfield code="a">S. S. Dragomir</subfield>
</datafield>
<datafield tag="245" ind1="0" ind2="0">
    <subfield code="a">Some Perturbed Ostrowski Type Inequalities for Absolutely Continuous Functions (I)</subfield>
</datafield>
</record>