
<record>
<leader>     nab a22     uu 4500</leader>
<controlfield tag="001">a68b345808244e8f9d3efd14f14ba998</controlfield>
<datafield tag="022" ind1=" " ind2=" ">
    <subfield code="a">2067-2764|2247-6202</subfield>
</datafield>

<datafield tag="100" ind1="0" ind2=" ">
    <subfield code="a">R. M. El-Ashwah</subfield>
</datafield>
<datafield tag="245" ind1="0" ind2="0">
    <subfield code="a">Hadamard Product of Certain Harmonic Univalent Meromorphic Functions</subfield>
</datafield>
<datafield tag="700" ind1="0" ind2=" ">
    <subfield code="a">B. A. Frasin</subfield>
</datafield>
</record>