
<record>
<leader>     nab a22     uu 4500</leader>
<controlfield tag="001">16923e727f35469d816aa60438f67058</controlfield>
<datafield tag="022" ind1=" " ind2=" ">
    <subfield code="a">2067-2764|2247-6202</subfield>
</datafield>

<datafield tag="100" ind1="0" ind2=" ">
    <subfield code="a">B. Meftah</subfield>
</datafield>
<datafield tag="245" ind1="0" ind2="0">
    <subfield code="a">New Čebyšev Type Inequalities for Functions whose Second Derivatives are (s1, m1)-(s2, m2)-convex on the Co-ordinate</subfield>
</datafield>
<datafield tag="700" ind1="0" ind2=" ">
    <subfield code="a">K. Boukerrioua</subfield>
</datafield>
</record>