
<record>
<leader>     nab a22     uu 4500</leader>
<controlfield tag="001">1dea7b63a59a487c8305f9a3fb105d11</controlfield>
<datafield tag="022" ind1=" " ind2=" ">
    <subfield code="a">2067-2764|2247-6202</subfield>
</datafield>

<datafield tag="100" ind1="0" ind2=" ">
    <subfield code="a">Marija Ivanović</subfield>
</datafield>
<datafield tag="245" ind1="0" ind2="0">
    <subfield code="a">A Mixed Integer Linear Programming Formulation for Restrained Roman Domination Problem</subfield>
</datafield>
</record>