
<record>
<leader>     nab a22     uu 4500</leader>
<controlfield tag="001">d6519633bdd64116b6ba6ed2375d81cc</controlfield>
<datafield tag="022" ind1=" " ind2=" ">
    <subfield code="a">2250-1177</subfield>
</datafield>

<datafield tag="100" ind1="0" ind2=" ">
    <subfield code="a">R S Kalkotwar</subfield>
</datafield>
<datafield tag="245" ind1="0" ind2="0">
    <subfield code="a">PATH FINDER PROCESS VALIDATION OF MOIST HEAT STERILIZER IN PARENTRAL MANUFACTURING UNIT</subfield>
</datafield>
<datafield tag="700" ind1="0" ind2=" ">
    <subfield code="a">M B Salve</subfield>
</datafield>
<datafield tag="700" ind1="0" ind2=" ">
    <subfield code="a">T K Ahire</subfield>
</datafield>
</record>