
<record>
<leader>     nab a22     uu 4500</leader>
<controlfield tag="001">29a60fa188a549eb8e92b5058f231eba</controlfield>
<datafield tag="022" ind1=" " ind2=" ">
    <subfield code="a">2250-1177</subfield>
</datafield>

<datafield tag="100" ind1="0" ind2=" ">
    <subfield code="a">Eima Fatima</subfield>
</datafield>
<datafield tag="245" ind1="0" ind2="0">
    <subfield code="a">DRUG UTILIZATION PATTERN AND ADVERSE DRUG REACTION MONITORING IN URINARY TRACT INFECTION PATIENTS IN A TERTIARY CARE HOSPITAL</subfield>
</datafield>
<datafield tag="700" ind1="0" ind2=" ">
    <subfield code="a">Arifa Anwar</subfield>
</datafield>
<datafield tag="700" ind1="0" ind2=" ">
    <subfield code="a">Mridu Dudeja</subfield>
</datafield>
<datafield tag="700" ind1="0" ind2=" ">
    <subfield code="a">Mohd. Akhtar</subfield>
</datafield>
<datafield tag="700" ind1="0" ind2=" ">
    <subfield code="a">Abul Kalam Najmi</subfield>
</datafield>
</record>