
<record>
<leader>     nab a22     uu 4500</leader>
<controlfield tag="001">c1a9fe89991e474b9ba39a0e74ae4a21</controlfield>
<datafield tag="022" ind1=" " ind2=" ">
    <subfield code="a">2250-1177</subfield>
</datafield>

<datafield tag="100" ind1="0" ind2=" ">
    <subfield code="a">A Dhulappa</subfield>
</datafield>
<datafield tag="245" ind1="0" ind2="0">
    <subfield code="a">EFFECT OF NITROGEN SOURCE FOR THE BIOSYNTHESIS OF XYLANASE FROM ASPERGILLUS TAMARII</subfield>
</datafield>
<datafield tag="700" ind1="0" ind2=" ">
    <subfield code="a">K Lingappa</subfield>
</datafield>
<datafield tag="700" ind1="0" ind2=" ">
    <subfield code="a">K G Siddalingeshwara</subfield>
</datafield>
</record>