
<record>
<leader>     nab a22     uu 4500</leader>
<controlfield tag="001">3871b9af757a4b7090297b4699884d8b</controlfield>
<datafield tag="022" ind1=" " ind2=" ">
    <subfield code="a">2250-1177</subfield>
</datafield>

<datafield tag="100" ind1="0" ind2=" ">
    <subfield code="a">Sanchit Srivastav</subfield>
</datafield>
<datafield tag="245" ind1="0" ind2="0">
    <subfield code="a">BIOLOGICALLY ACTIVE PYRIMIDINE HYDARZONES</subfield>
</datafield>
<datafield tag="700" ind1="0" ind2=" ">
    <subfield code="a">Kanishk Luhach</subfield>
</datafield>
<datafield tag="700" ind1="0" ind2=" ">
    <subfield code="a">Chhama Shukla</subfield>
</datafield>
<datafield tag="700" ind1="0" ind2=" ">
    <subfield code="a">Rajender Yadav</subfield>
</datafield>
</record>