
<record>
<leader>     nab a22     uu 4500</leader>
<controlfield tag="001">328e979a797b424a868bc0e825bc5fbf</controlfield>
<datafield tag="022" ind1=" " ind2=" ">
    <subfield code="a">2250-1177</subfield>
</datafield>

<datafield tag="100" ind1="0" ind2=" ">
    <subfield code="a">Chhama Shukla</subfield>
</datafield>
<datafield tag="245" ind1="0" ind2="0">
    <subfield code="a">BIOLOGICALLY ACTIVE OXADIAZOLE </subfield>
</datafield>
<datafield tag="700" ind1="0" ind2=" ">
    <subfield code="a">Sanchit Srivastava</subfield>
</datafield>
</record>