
<record>
<leader>     nab a22     uu 4500</leader>
<controlfield tag="001">f988955eb8ce4caa8fccd602b137995b</controlfield>
<datafield tag="022" ind1=" " ind2=" ">
    <subfield code="a">2250-1177</subfield>
</datafield>

<datafield tag="100" ind1="0" ind2=" ">
    <subfield code="a">Rishi Ram Parajuli</subfield>
</datafield>
<datafield tag="245" ind1="0" ind2="0">
    <subfield code="a"> A REVIEW ON PHARMACEUTICAL PROCESS VALIDATION OF SOLID DOSAGE FORM [TABLETS]</subfield>
</datafield>
<datafield tag="700" ind1="0" ind2=" ">
    <subfield code="a">Saroj Shrestha</subfield>
</datafield>
<datafield tag="700" ind1="0" ind2=" ">
    <subfield code="a">Shreekrishna Lamichane</subfield>
</datafield>
<datafield tag="700" ind1="0" ind2=" ">
    <subfield code="a">Priyanka Pokhrel</subfield>
</datafield>
</record>