
<record>
<leader>     nab a22     uu 4500</leader>
<controlfield tag="001">af40f5ea8cf240c8a6e1eb478541751c</controlfield>
<datafield tag="022" ind1=" " ind2=" ">
    <subfield code="a">0367-0449|1988-3250</subfield>
</datafield>
<datafield tag="024" ind1="7" ind2=" ">
        <subfield code="a">10.3989/egeol.42011.359</subfield>
        <subfield code="2">doi</subfield>
    </datafield>
<datafield tag="100" ind1="0" ind2=" ">
    <subfield code="a">Zazoun, R. S.</subfield>
</datafield>
<datafield tag="245" ind1="0" ind2="0">
    <subfield code="a">La fracturation et les bandes de déformation dans la région d’El Kohol (Atlas saharien central, Algérie): analyse fractale, lois d’échelles et modèle de réseaux de fractures discrètes</subfield>
</datafield>
<datafield tag="700" ind1="0" ind2=" ">
    <subfield code="a">Marok, A.</subfield>
</datafield>
<datafield tag="700" ind1="0" ind2=" ">
    <subfield code="a">Samar, L.</subfield>
</datafield>
<datafield tag="700" ind1="0" ind2=" ">
    <subfield code="a">Benadla, M.</subfield>
</datafield>
<datafield tag="700" ind1="0" ind2=" ">
    <subfield code="a">Mezlah, H.</subfield>
</datafield>
</record>