
<record>
<leader>     nab a22     uu 4500</leader>
<controlfield tag="001">90dbd68eebca4ec29524d48af090e596</controlfield>
<datafield tag="022" ind1=" " ind2=" ">
    <subfield code="a">0367-0449|1988-3250</subfield>
</datafield>
<datafield tag="024" ind1="7" ind2=" ">
        <subfield code="a">10.3989/egeol.42059.369</subfield>
        <subfield code="2">doi</subfield>
    </datafield>
<datafield tag="100" ind1="0" ind2=" ">
    <subfield code="a">Martínez-Abad, I.</subfield>
</datafield>
<datafield tag="245" ind1="0" ind2="0">
    <subfield code="a">Geology and mineralogy of the Au-As (Ag-Pb-Zn-Cu-Sb) polymetallic deposit of Valiña-Azúmara (Lugo, NW Spain)</subfield>
</datafield>
<datafield tag="700" ind1="0" ind2=" ">
    <subfield code="a">Cepedal, A.</subfield>
</datafield>
<datafield tag="700" ind1="0" ind2=" ">
    <subfield code="a">Arias, D.</subfield>
</datafield>
<datafield tag="700" ind1="0" ind2=" ">
    <subfield code="a">Martín-Izard, A.</subfield>
</datafield>
<datafield tag="700" ind1="0" ind2=" ">
    <subfield code="a">Fuertes-Fuente, M.</subfield>
</datafield>
</record>