
<record>
<leader>     nab a22     uu 4500</leader>
<controlfield tag="001">0c7c1a3cedec438c99956be615e96006</controlfield>
<datafield tag="022" ind1=" " ind2=" ">
    <subfield code="a">0367-0449|1988-3250</subfield>
</datafield>
<datafield tag="024" ind1="7" ind2=" ">
        <subfield code="a">10.3989/egeol.42011.357</subfield>
        <subfield code="2">doi</subfield>
    </datafield>
<datafield tag="100" ind1="0" ind2=" ">
    <subfield code="a">López Mendoza, P.</subfield>
</datafield>
<datafield tag="245" ind1="0" ind2="0">
    <subfield code="a">Presence of &lt;em&gt;Arctotherium&lt;/em&gt; (Carnivora, Ursidae, Tremarctinae) in a pre-cultural level of Baño Nuevo-1 cave (Central Patagonia, Chile)</subfield>
</datafield>
<datafield tag="700" ind1="0" ind2=" ">
    <subfield code="a">Mena Larraín, F.</subfield>
</datafield>
<datafield tag="700" ind1="0" ind2=" ">
    <subfield code="a">Bostelmann, E.</subfield>
</datafield>
</record>