
<record>
<leader>     nab a22     uu 4500</leader>
<controlfield tag="001">1e79eb5df7b2411abf6812fd08761fd9</controlfield>
<datafield tag="022" ind1=" " ind2=" ">
    <subfield code="a">0367-0449|1988-3250</subfield>
</datafield>
<datafield tag="024" ind1="7" ind2=" ">
        <subfield code="a">10.3989/egeol.41927.354</subfield>
        <subfield code="2">doi</subfield>
    </datafield>
<datafield tag="100" ind1="0" ind2=" ">
    <subfield code="a">Lalla, E. A.</subfield>
</datafield>
<datafield tag="245" ind1="0" ind2="0">
    <subfield code="a">Estudio espectroscópico y DRX de afloramientos terrestres volcánicos en la isla de Tenerife como posibles análogos de la geología marciana</subfield>
</datafield>
<datafield tag="700" ind1="0" ind2=" ">
    <subfield code="a">López-Reyes, G.</subfield>
</datafield>
<datafield tag="700" ind1="0" ind2=" ">
    <subfield code="a">Sansano, A.</subfield>
</datafield>
<datafield tag="700" ind1="0" ind2=" ">
    <subfield code="a">Sanz-Arranz, A.</subfield>
</datafield>
<datafield tag="700" ind1="0" ind2=" ">
    <subfield code="a">Schmanke, D.</subfield>
</datafield>
<datafield tag="700" ind1="0" ind2=" ">
    <subfield code="a">Klingelhöfer, G.</subfield>
</datafield>
<datafield tag="700" ind1="0" ind2=" ">
    <subfield code="a">Medina-García, J.</subfield>
</datafield>
<datafield tag="700" ind1="0" ind2=" ">
    <subfield code="a">Martínez-Frías, J.</subfield>
</datafield>
<datafield tag="700" ind1="0" ind2=" ">
    <subfield code="a">Rull-Pérez, F.</subfield>
</datafield>
</record>