
<record>
<leader>     nab a22     uu 4500</leader>
<controlfield tag="001">7e837f79e14b49a19322e81cc11c4251</controlfield>
<datafield tag="022" ind1=" " ind2=" ">
    <subfield code="a">0367-0449|1988-3250</subfield>
</datafield>
<datafield tag="024" ind1="7" ind2=" ">
        <subfield code="a">10.3989/egeol.42054.366</subfield>
        <subfield code="2">doi</subfield>
    </datafield>
<datafield tag="100" ind1="0" ind2=" ">
    <subfield code="a">Suarez, P.</subfield>
</datafield>
<datafield tag="245" ind1="0" ind2="0">
    <subfield code="a">Agregación de sedimentos en una cuenca de llanura: utilización del Microscopio Electrónico de Barrido como herramienta de evaluación</subfield>
</datafield>
<datafield tag="700" ind1="0" ind2=" ">
    <subfield code="a">Orfeo, O.</subfield>
</datafield>
</record>