
<record>
<leader>     nab a22     uu 4500</leader>
<controlfield tag="001">82e805c16da84f58bcdb51bd2fd20452</controlfield>
<datafield tag="022" ind1=" " ind2=" ">
    <subfield code="a">0367-0449|1988-3250</subfield>
</datafield>
<datafield tag="024" ind1="7" ind2=" ">
        <subfield code="a">10.3989/egeol.41989.356</subfield>
        <subfield code="2">doi</subfield>
    </datafield>
<datafield tag="100" ind1="0" ind2=" ">
    <subfield code="a">Martín-Loeches Garrido, M.</subfield>
</datafield>
<datafield tag="245" ind1="0" ind2="0">
    <subfield code="a">Origen y funcionamiento hidrogeológico del único criptohumedal subhalófilo-alcalinófilo en la facies Guadalajara del acuífero Terciario detrítico de Madrid</subfield>
</datafield>
<datafield tag="700" ind1="0" ind2=" ">
    <subfield code="a">Pavón García, J.</subfield>
</datafield>
<datafield tag="700" ind1="0" ind2=" ">
    <subfield code="a">García Martínez, M.</subfield>
</datafield>
</record>