
<record>
<leader>     nab a22     uu 4500</leader>
<controlfield tag="001">35b30f904a0f4658aa6e5788b00ca69f</controlfield>
<datafield tag="022" ind1=" " ind2=" ">
    <subfield code="a">0367-0449|1988-3250</subfield>
</datafield>
<datafield tag="024" ind1="7" ind2=" ">
        <subfield code="a">10.3989/egeol.41864.346</subfield>
        <subfield code="2">doi</subfield>
    </datafield>
<datafield tag="100" ind1="0" ind2=" ">
    <subfield code="a">Perea, D.</subfield>
</datafield>
<datafield tag="245" ind1="0" ind2="0">
    <subfield code="a">Los gonfotéridos (Mammalia, Proboscidea) de Uruguay: taxonomía, estratigrafía y cronología</subfield>
</datafield>
<datafield tag="700" ind1="0" ind2=" ">
    <subfield code="a">Alberdi, M. T.</subfield>
</datafield>
</record>