
<record>
<leader>     nab a22     uu 4500</leader>
<controlfield tag="001">6bbd2045ba2543f98f71617c15cbe7dd</controlfield>
<datafield tag="022" ind1=" " ind2=" ">
    <subfield code="a">0367-0449|1988-3250</subfield>
</datafield>
<datafield tag="024" ind1="7" ind2=" ">
        <subfield code="a">10.3989/egeol.41858.347</subfield>
        <subfield code="2">doi</subfield>
    </datafield>
<datafield tag="100" ind1="0" ind2=" ">
    <subfield code="a">Triviño, L. N.</subfield>
</datafield>
<datafield tag="245" ind1="0" ind2="0">
    <subfield code="a">Hallazgo de restos de la serpiente &lt;em&gt;Dinilysia patagonica&lt;/em&gt; Smith-Woodward 1901 en una nueva localidad del Santoniano de Patagonia, Argentina</subfield>
</datafield>
<datafield tag="700" ind1="0" ind2=" ">
    <subfield code="a">Albino, A. M.</subfield>
</datafield>
</record>