
<record>
<leader>     nab a22     uu 4500</leader>
<controlfield tag="001">5987e4b1db88406e8d0ecdff7772f3c2</controlfield>
<datafield tag="022" ind1=" " ind2=" ">
    <subfield code="a">0367-0449|1988-3250</subfield>
</datafield>
<datafield tag="024" ind1="7" ind2=" ">
        <subfield code="a">10.3989/egeol.41828.342</subfield>
        <subfield code="2">doi</subfield>
    </datafield>
<datafield tag="100" ind1="0" ind2=" ">
    <subfield code="a">Reolid, M.</subfield>
</datafield>
<datafield tag="245" ind1="0" ind2="0">
    <subfield code="a">Record of &lt;em&gt;Carcharocles megalodon&lt;/em&gt; in the Eastern Guadalquivir Basin (Upper Miocene, South Spain)</subfield>
</datafield>
<datafield tag="700" ind1="0" ind2=" ">
    <subfield code="a">Molina, J. M.</subfield>
</datafield>
</record>