
<record>
<leader>     nab a22     uu 4500</leader>
<controlfield tag="001">5e8806ea891a410d8aaaaca252615fdc</controlfield>
<datafield tag="022" ind1=" " ind2=" ">
    <subfield code="a">2278-4748|2278-4802</subfield>
</datafield>
<datafield tag="024" ind1="7" ind2=" ">
        <subfield code="a">10.14260/jemds/2015/1598</subfield>
        <subfield code="2">doi</subfield>
    </datafield>
<datafield tag="100" ind1="0" ind2=" ">
    <subfield code="a">Vijayalakshmi </subfield>
</datafield>
<datafield tag="245" ind1="0" ind2="0">
    <subfield code="a">POST INSTRUMENTAL INCOMPLETE UTERINE RUPTURE WITH LEFT OVARIAN CYST A RARE CASE</subfield>
</datafield>
<datafield tag="700" ind1="0" ind2=" ">
    <subfield code="a">Divya</subfield>
</datafield>
</record>