
<record>
<leader>     nab a22     uu 4500</leader>
<controlfield tag="001">75e1e3474c2a4d32b1097f3ae1072fcc</controlfield>
<datafield tag="022" ind1=" " ind2=" ">
    <subfield code="a">2278-4748|2278-4802</subfield>
</datafield>
<datafield tag="024" ind1="7" ind2=" ">
        <subfield code="a">10.14260/jemds/2015/1600</subfield>
        <subfield code="2">doi</subfield>
    </datafield>
<datafield tag="100" ind1="0" ind2=" ">
    <subfield code="a">Ishan </subfield>
</datafield>
<datafield tag="245" ind1="0" ind2="0">
    <subfield code="a">A CASE OF FAHR&apos;S SYNDROME</subfield>
</datafield>
<datafield tag="700" ind1="0" ind2=" ">
    <subfield code="a">Ashutosh </subfield>
</datafield>
<datafield tag="700" ind1="0" ind2=" ">
    <subfield code="a">Vyankatesh</subfield>
</datafield>
<datafield tag="700" ind1="0" ind2=" ">
    <subfield code="a">Pankaj </subfield>
</datafield>
<datafield tag="700" ind1="0" ind2=" ">
    <subfield code="a">Rakesh </subfield>
</datafield>
</record>