
<record>
<leader>     nab a22     uu 4500</leader>
<controlfield tag="001">a8d0d4b18e064e0cb7b14395c06d2d4d</controlfield>
<datafield tag="022" ind1=" " ind2=" ">
    <subfield code="a">2278-4748|2278-4802</subfield>
</datafield>
<datafield tag="024" ind1="7" ind2=" ">
        <subfield code="a">10.14260/jemds/2015/1599</subfield>
        <subfield code="2">doi</subfield>
    </datafield>
<datafield tag="100" ind1="0" ind2=" ">
    <subfield code="a">Xavier Jayaseelan</subfield>
</datafield>
<datafield tag="245" ind1="0" ind2="0">
    <subfield code="a">DUANE RETRACTION SYNDROME (TYPE 1A) IN A MALE CHILD</subfield>
</datafield>
<datafield tag="700" ind1="0" ind2=" ">
    <subfield code="a">Panimalar</subfield>
</datafield>
<datafield tag="700" ind1="0" ind2=" ">
    <subfield code="a">Parvatham</subfield>
</datafield>
</record>