
<record>
<leader>     nab a22     uu 4500</leader>
<controlfield tag="001">92544c625a274de6a2d6227b402ff4ba</controlfield>
<datafield tag="022" ind1=" " ind2=" ">
    <subfield code="a">2278-4748|2278-4802</subfield>
</datafield>
<datafield tag="024" ind1="7" ind2=" ">
        <subfield code="a">10.14260/jemds/2015/1597</subfield>
        <subfield code="2">doi</subfield>
    </datafield>
<datafield tag="100" ind1="0" ind2=" ">
    <subfield code="a">Nilofar </subfield>
</datafield>
<datafield tag="245" ind1="0" ind2="0">
    <subfield code="a">HAILEY - HAILEY DISEASE : 2 CASE REPORTS</subfield>
</datafield>
<datafield tag="700" ind1="0" ind2=" ">
    <subfield code="a">Nidhi </subfield>
</datafield>
<datafield tag="700" ind1="0" ind2=" ">
    <subfield code="a">Pragya </subfield>
</datafield>
</record>