
<record>
<leader>     nab a22     uu 4500</leader>
<controlfield tag="001">72529f12c1db4c4283cd47be36be9104</controlfield>
<datafield tag="022" ind1=" " ind2=" ">
    <subfield code="a">2278-4748|2278-4802</subfield>
</datafield>
<datafield tag="024" ind1="7" ind2=" ">
        <subfield code="a">10.14260/jemds/2015/1596</subfield>
        <subfield code="2">doi</subfield>
    </datafield>
<datafield tag="100" ind1="0" ind2=" ">
    <subfield code="a">Prathipaty James</subfield>
</datafield>
<datafield tag="245" ind1="0" ind2="0">
    <subfield code="a">A RARE CASE OF LARGE EPIGLOTTIC CYST</subfield>
</datafield>
<datafield tag="700" ind1="0" ind2=" ">
    <subfield code="a">Kameswararao</subfield>
</datafield>
</record>