
<record>
<leader>     nab a22     uu 4500</leader>
<controlfield tag="001">7681fbf136264188a5a7528752dea8e4</controlfield>
<datafield tag="022" ind1=" " ind2=" ">
    <subfield code="a">2278-4748|2278-4802</subfield>
</datafield>
<datafield tag="024" ind1="7" ind2=" ">
        <subfield code="a">10.14260/jemds/2015/1595</subfield>
        <subfield code="2">doi</subfield>
    </datafield>
<datafield tag="100" ind1="0" ind2=" ">
    <subfield code="a">Rini </subfield>
</datafield>
<datafield tag="245" ind1="0" ind2="0">
    <subfield code="a">RARE CASE REPORT OF HEMIMEGALENCEPHALY PRESENTING WITH ABNORMAL MOVEMENTS &amp; SPASTICITY IN A CASE OF NEUROFIBROMATOSIS TYPE I</subfield>
</datafield>
<datafield tag="700" ind1="0" ind2=" ">
    <subfield code="a">Aironi</subfield>
</datafield>
<datafield tag="700" ind1="0" ind2=" ">
    <subfield code="a">Abhay </subfield>
</datafield>
<datafield tag="700" ind1="0" ind2=" ">
    <subfield code="a">Shishir </subfield>
</datafield>
<datafield tag="700" ind1="0" ind2=" ">
    <subfield code="a">Ashutosh </subfield>
</datafield>
</record>