
<record>
<leader>     nab a22     uu 4500</leader>
<controlfield tag="001">c798ca7026154db4a78f96e9f1fca61c</controlfield>
<datafield tag="022" ind1=" " ind2=" ">
    <subfield code="a">2278-4748|2278-4802</subfield>
</datafield>
<datafield tag="024" ind1="7" ind2=" ">
        <subfield code="a">10.14260/jemds/2015/1594</subfield>
        <subfield code="2">doi</subfield>
    </datafield>
<datafield tag="100" ind1="0" ind2=" ">
    <subfield code="a">Anupam </subfield>
</datafield>
<datafield tag="245" ind1="0" ind2="0">
    <subfield code="a">ANAESTHETIC MANAGEME NT OF A POST BURN CONTRACTURE PATIENT : A CASE REPORT</subfield>
</datafield>
<datafield tag="700" ind1="0" ind2=" ">
    <subfield code="a">Joydeep </subfield>
</datafield>
</record>