
<record>
<leader>     nab a22     uu 4500</leader>
<controlfield tag="001">bb6197449500464ebbcb1db8da4d94bc</controlfield>
<datafield tag="022" ind1=" " ind2=" ">
    <subfield code="a">2278-4748|2278-4802</subfield>
</datafield>
<datafield tag="024" ind1="7" ind2=" ">
        <subfield code="a">10.14260/jemds/2015/1593</subfield>
        <subfield code="2">doi</subfield>
    </datafield>
<datafield tag="100" ind1="0" ind2=" ">
    <subfield code="a">Amit Kumar</subfield>
</datafield>
<datafield tag="245" ind1="0" ind2="0">
    <subfield code="a">ROLE OF VITAMIN D IN THE MANAGEMENT OF CHRONIC OBSTRUCTIVE PULMONARY DISEASE : AN OPTION OR NECESSITY </subfield>
</datafield>
<datafield tag="700" ind1="0" ind2=" ">
    <subfield code="a">Sanjay </subfield>
</datafield>
<datafield tag="700" ind1="0" ind2=" ">
    <subfield code="a">Puneet </subfield>
</datafield>
<datafield tag="700" ind1="0" ind2=" ">
    <subfield code="a">Ashok Kumar</subfield>
</datafield>
</record>