
<record>
<leader>     nab a22     uu 4500</leader>
<controlfield tag="001">0451bd02a7ca4c8985b287ef9acd9996</controlfield>
<datafield tag="022" ind1=" " ind2=" ">
    <subfield code="a">2278-4748|2278-4802</subfield>
</datafield>
<datafield tag="024" ind1="7" ind2=" ">
        <subfield code="a">10.14260/jemds/2015/1591</subfield>
        <subfield code="2">doi</subfield>
    </datafield>
<datafield tag="100" ind1="0" ind2=" ">
    <subfield code="a">Naufal </subfield>
</datafield>
<datafield tag="245" ind1="0" ind2="0">
    <subfield code="a">TRAUMATIC INTRA CRANIAL INJURY - COMPUTED TOMOGRAPHY, PER OPERATIVE AND POST MORTEM FIND INGS : A PROGNOSTIC CORRELATION</subfield>
</datafield>
<datafield tag="700" ind1="0" ind2=" ">
    <subfield code="a">Jineesh</subfield>
</datafield>
<datafield tag="700" ind1="0" ind2=" ">
    <subfield code="a">Rajendran</subfield>
</datafield>
<datafield tag="700" ind1="0" ind2=" ">
    <subfield code="a">Devarajan</subfield>
</datafield>
<datafield tag="700" ind1="0" ind2=" ">
    <subfield code="a">Rajan</subfield>
</datafield>
<datafield tag="700" ind1="0" ind2=" ">
    <subfield code="a">Gomathy</subfield>
</datafield>
<datafield tag="700" ind1="0" ind2=" ">
    <subfield code="a">Juvaina </subfield>
</datafield>
<datafield tag="700" ind1="0" ind2=" ">
    <subfield code="a">Shikha S</subfield>
</datafield>
</record>