
<record>
<leader>     nab a22     uu 4500</leader>
<controlfield tag="001">2db2c68d636a414aaf6d1d182352d57a</controlfield>
<datafield tag="022" ind1=" " ind2=" ">
    <subfield code="a">2067-2764|2247-6202</subfield>
</datafield>

<datafield tag="100" ind1="0" ind2=" ">
    <subfield code="a">Kumar Devendra</subfield>
</datafield>
<datafield tag="245" ind1="0" ind2="0">
    <subfield code="a">Lp - Approximation of Analytic Functions on Compact Sets Bounded by Jordan Curves</subfield>
</datafield>
<datafield tag="700" ind1="0" ind2=" ">
    <subfield code="a">Jain Vandna</subfield>
</datafield>
</record>