
<record>
<leader>     nab a22     uu 4500</leader>
<controlfield tag="001">f2438b305bc14ea09a400ae046773cbb</controlfield>
<datafield tag="022" ind1=" " ind2=" ">
    <subfield code="a">2278-4748|2278-4802</subfield>
</datafield>
<datafield tag="024" ind1="7" ind2=" ">
        <subfield code="a">10.14260/jemds/2015/1590</subfield>
        <subfield code="2">doi</subfield>
    </datafield>
<datafield tag="100" ind1="0" ind2=" ">
    <subfield code="a">Shweta </subfield>
</datafield>
<datafield tag="245" ind1="0" ind2="0">
    <subfield code="a">OXYGEN SATURATION TRENDS IN NEWBORN AFTER BIRTH</subfield>
</datafield>
<datafield tag="700" ind1="0" ind2=" ">
    <subfield code="a">Avyact </subfield>
</datafield>
</record>