
<record>
<leader>     nab a22     uu 4500</leader>
<controlfield tag="001">43dad62f6a214241bcf82c146f2876f0</controlfield>
<datafield tag="022" ind1=" " ind2=" ">
    <subfield code="a">2067-2764|2247-6202</subfield>
</datafield>

<datafield tag="100" ind1="0" ind2=" ">
    <subfield code="a">S. P. Vijayalakshmi</subfield>
</datafield>
<datafield tag="245" ind1="0" ind2="0">
    <subfield code="a">Second Hankel Determinant for Generalized Sakaguchi Type Functions</subfield>
</datafield>
<datafield tag="700" ind1="0" ind2=" ">
    <subfield code="a">T. V. Sudharsan</subfield>
</datafield>
</record>