
<record>
<leader>     nab a22     uu 4500</leader>
<controlfield tag="001">d6a503875321492798591a3bc8635760</controlfield>
<datafield tag="022" ind1=" " ind2=" ">
    <subfield code="a">2278-4748|2278-4802</subfield>
</datafield>
<datafield tag="024" ind1="7" ind2=" ">
        <subfield code="a">10.14260/jemds/2015/1589</subfield>
        <subfield code="2">doi</subfield>
    </datafield>
<datafield tag="100" ind1="0" ind2=" ">
    <subfield code="a">Madhukar</subfield>
</datafield>
<datafield tag="245" ind1="0" ind2="0">
    <subfield code="a">EPIDEMEOLOGY OF CHEST INJURY IN LONG BONE FRACTURES IN ROAD TRAFFIC ACCIDENT </subfield>
</datafield>
<datafield tag="700" ind1="0" ind2=" ">
    <subfield code="a">Satheesh </subfield>
</datafield>
<datafield tag="700" ind1="0" ind2=" ">
    <subfield code="a">Rajib </subfield>
</datafield>
<datafield tag="700" ind1="0" ind2=" ">
    <subfield code="a">Debasubhra </subfield>
</datafield>
</record>