
<record>
<leader>     nab a22     uu 4500</leader>
<controlfield tag="001">18e5b1d5f58842f7820d505382513964</controlfield>
<datafield tag="022" ind1=" " ind2=" ">
    <subfield code="a">2067-2764|2247-6202</subfield>
</datafield>

<datafield tag="100" ind1="0" ind2=" ">
    <subfield code="a">Mark Burgin</subfield>
</datafield>
<datafield tag="245" ind1="0" ind2="0">
    <subfield code="a">Properties of Stabilizing Computations</subfield>
</datafield>
</record>