
<record>
<leader>     nab a22     uu 4500</leader>
<controlfield tag="001">2bc9f8a22d3943ff8e171076dc47a6fa</controlfield>
<datafield tag="022" ind1=" " ind2=" ">
    <subfield code="a">2278-4748|2278-4802</subfield>
</datafield>
<datafield tag="024" ind1="7" ind2=" ">
        <subfield code="a">10.14260/jemds/2015/1588</subfield>
        <subfield code="2">doi</subfield>
    </datafield>
<datafield tag="100" ind1="0" ind2=" ">
    <subfield code="a">Raj Bahadur </subfield>
</datafield>
<datafield tag="245" ind1="0" ind2="0">
    <subfield code="a">PREVALENCE OF PERIPHERAL VASCULAR DISEASE IN CHRONIC ALCOHOLICS AS MEASURED BY ANKLE TO BRACHIAL INDEX</subfield>
</datafield>
<datafield tag="700" ind1="0" ind2=" ">
    <subfield code="a">Nayyar</subfield>
</datafield>
<datafield tag="700" ind1="0" ind2=" ">
    <subfield code="a">Ashok </subfield>
</datafield>
</record>