
<record>
<leader>     nab a22     uu 4500</leader>
<controlfield tag="001">606360594f4547568cb9e43a2f07ab1b</controlfield>
<datafield tag="022" ind1=" " ind2=" ">
    <subfield code="a">2067-2764|2247-6202</subfield>
</datafield>

<datafield tag="100" ind1="0" ind2=" ">
    <subfield code="a">Vakeel A. Khan</subfield>
</datafield>
<datafield tag="245" ind1="0" ind2="0">
    <subfield code="a">On BVσ I-convergent Sequence Spaces Defined by an Orlicz Function</subfield>
</datafield>
<datafield tag="700" ind1="0" ind2=" ">
    <subfield code="a">Mohd Shafiq</subfield>
</datafield>
<datafield tag="700" ind1="0" ind2=" ">
    <subfield code="a">Rami Kamel Ahmad Rababah</subfield>
</datafield>
</record>