
<record>
<leader>     nab a22     uu 4500</leader>
<controlfield tag="001">25a4d753a287443ca66470278c8a18cf</controlfield>
<datafield tag="022" ind1=" " ind2=" ">
    <subfield code="a">2067-2764|2247-6202</subfield>
</datafield>

<datafield tag="100" ind1="0" ind2=" ">
    <subfield code="a">Zoubir Dahmani</subfield>
</datafield>
<datafield tag="245" ind1="0" ind2="0">
    <subfield code="a">Coupled Systems of Fractional Integro-Differential Equations Involving Several Functions</subfield>
</datafield>
<datafield tag="700" ind1="0" ind2=" ">
    <subfield code="a">Mohamed Amin Abdellaoui</subfield>
</datafield>
<datafield tag="700" ind1="0" ind2=" ">
    <subfield code="a">Mohamed Houas</subfield>
</datafield>
</record>