
<record>
<leader>     nab a22     uu 4500</leader>
<controlfield tag="001">8224d22b417840eab91cafe9915c50c2</controlfield>
<datafield tag="022" ind1=" " ind2=" ">
    <subfield code="a">2067-2764|2247-6202</subfield>
</datafield>

<datafield tag="100" ind1="0" ind2=" ">
    <subfield code="a">Eugene Eberbach</subfield>
</datafield>
<datafield tag="245" ind1="0" ind2="0">
    <subfield code="a">The Applicability of $-Calculus to Solve Some Turing Machine Undecidable Problems</subfield>
</datafield>
</record>