
<record>
<leader>     nab a22     uu 4500</leader>
<controlfield tag="001">36f1b0415a7f45cdac8105be8c48c1be</controlfield>
<datafield tag="022" ind1=" " ind2=" ">
    <subfield code="a">2067-2764|2247-6202</subfield>
</datafield>

<datafield tag="100" ind1="0" ind2=" ">
    <subfield code="a">Octavian Cira</subfield>
</datafield>
<datafield tag="245" ind1="0" ind2="0">
    <subfield code="a">Luhn Prime Numbers</subfield>
</datafield>
<datafield tag="700" ind1="0" ind2=" ">
    <subfield code="a">Florentin Smarandache</subfield>
</datafield>
</record>