
<record>
<leader>     nab a22     uu 4500</leader>
<controlfield tag="001">88f424cc5449475abc2073e76df58f88</controlfield>
<datafield tag="022" ind1=" " ind2=" ">
    <subfield code="a">2278-4748|2278-4802</subfield>
</datafield>
<datafield tag="024" ind1="7" ind2=" ">
        <subfield code="a">10.14260/jemds/2015/1587</subfield>
        <subfield code="2">doi</subfield>
    </datafield>
<datafield tag="100" ind1="0" ind2=" ">
    <subfield code="a">Navneet </subfield>
</datafield>
<datafield tag="245" ind1="0" ind2="0">
    <subfield code="a">A COMPARATIVE STUDY OF FIBRIN GLUE &amp; SUT URES FOR ATTACHING CONJUNCTIVAL AUTOGRA FT AFTER PTERYGIUM SURGERY</subfield>
</datafield>
</record>