
<record>
<leader>     nab a22     uu 4500</leader>
<controlfield tag="001">ce085e7ac3bd43e49a1222090c62e1a2</controlfield>
<datafield tag="022" ind1=" " ind2=" ">
    <subfield code="a">2056-9890</subfield>
</datafield>
<datafield tag="024" ind1="7" ind2=" ">
        <subfield code="a">10.1107/S2056989015017740</subfield>
        <subfield code="2">doi</subfield>
    </datafield>
<datafield tag="100" ind1="0" ind2=" ">
    <subfield code="a">K. Priya</subfield>
</datafield>
<datafield tag="245" ind1="0" ind2="0">
    <subfield code="a">Crystal structure of 2-(2,4-diphenyl-3-azabicyclo[3.3.1]nonan-9-ylidene)acetonitrile</subfield>
</datafield>
<datafield tag="700" ind1="0" ind2=" ">
    <subfield code="a">K. Saravanan</subfield>
</datafield>
<datafield tag="700" ind1="0" ind2=" ">
    <subfield code="a">S. Kabilan</subfield>
</datafield>
<datafield tag="700" ind1="0" ind2=" ">
    <subfield code="a">S. Selvanayagam</subfield>
</datafield>
</record>