
<record>
<leader>     nab a22     uu 4500</leader>
<controlfield tag="001">8c3bd9d71ba642f5b28d0de8dcbe8255</controlfield>
<datafield tag="022" ind1=" " ind2=" ">
    <subfield code="a">2056-9890</subfield>
</datafield>
<datafield tag="024" ind1="7" ind2=" ">
        <subfield code="a">10.1107/S2056989015017776</subfield>
        <subfield code="2">doi</subfield>
    </datafield>
<datafield tag="100" ind1="0" ind2=" ">
    <subfield code="a">Inna S. Khazhieva</subfield>
</datafield>
<datafield tag="245" ind1="0" ind2="0">
    <subfield code="a">Crystal structure of 1-methoxy-5-methyl-N-phenyl-1,2,3-triazole-4-carboxamide</subfield>
</datafield>
<datafield tag="700" ind1="0" ind2=" ">
    <subfield code="a">Tatiana V. Glukhareva</subfield>
</datafield>
<datafield tag="700" ind1="0" ind2=" ">
    <subfield code="a">Pavel A. Slepukhin</subfield>
</datafield>
<datafield tag="700" ind1="0" ind2=" ">
    <subfield code="a">Yury Yu. Morzherin</subfield>
</datafield>
</record>