
<record>
<leader>     nab a22     uu 4500</leader>
<controlfield tag="001">b2d1ca2bb6fb4ba48c11e99a20618e6c</controlfield>
<datafield tag="022" ind1=" " ind2=" ">
    <subfield code="a">2056-9890</subfield>
</datafield>
<datafield tag="024" ind1="7" ind2=" ">
        <subfield code="a">10.1107/S2056989015017569</subfield>
        <subfield code="2">doi</subfield>
    </datafield>
<datafield tag="100" ind1="0" ind2=" ">
    <subfield code="a">Rima Paul</subfield>
</datafield>
<datafield tag="245" ind1="0" ind2="0">
    <subfield code="a">Redetermined structure of 4,4′-bipyridine–1,4-phenylenediacetic acid (1/1) co-crystal</subfield>
</datafield>
<datafield tag="700" ind1="0" ind2=" ">
    <subfield code="a">Sanchay Jyoti Bora</subfield>
</datafield>
</record>