
<record>
<leader>     nab a22     uu 4500</leader>
<controlfield tag="001">630283ce293142a2941416b94ec952f1</controlfield>
<datafield tag="022" ind1=" " ind2=" ">
    <subfield code="a">2056-9890</subfield>
</datafield>
<datafield tag="024" ind1="7" ind2=" ">
        <subfield code="a">10.1107/S205698901501748X</subfield>
        <subfield code="2">doi</subfield>
    </datafield>
<datafield tag="100" ind1="0" ind2=" ">
    <subfield code="a">Mehmet Akkurt</subfield>
</datafield>
<datafield tag="245" ind1="0" ind2="0">
    <subfield code="a">Crystal structure of tetraethyl 27,30-dioxo-7,12,20,25-tetra-tert-butyl-3,16-dioxa-9,22,28,31-tetrathiaheptacyclo[21.3.1.11,5.14,8.110,14.114,18.117,21]dotriaconta-4,6,8(29),10,12,17,19,21(32),23,25-decaene-2,2,15,15-tetracarboxylate</subfield>
</datafield>
<datafield tag="700" ind1="0" ind2=" ">
    <subfield code="a">Jerry P. Jasinski</subfield>
</datafield>
<datafield tag="700" ind1="0" ind2=" ">
    <subfield code="a">Shaaban K. Mohamed</subfield>
</datafield>
<datafield tag="700" ind1="0" ind2=" ">
    <subfield code="a">Omran A. Omran</subfield>
</datafield>
<datafield tag="700" ind1="0" ind2=" ">
    <subfield code="a">Mustafa R. Albayati</subfield>
</datafield>
</record>