
<record>
<leader>     nab a22     uu 4500</leader>
<controlfield tag="001">b6a8e56719b4414d99827fd65a4b25b5</controlfield>
<datafield tag="022" ind1=" " ind2=" ">
    <subfield code="a">2056-9890</subfield>
</datafield>
<datafield tag="024" ind1="7" ind2=" ">
        <subfield code="a">10.1107/S2056989015017405</subfield>
        <subfield code="2">doi</subfield>
    </datafield>
<datafield tag="100" ind1="0" ind2=" ">
    <subfield code="a">Mohammed El Fal</subfield>
</datafield>
<datafield tag="245" ind1="0" ind2="0">
    <subfield code="a">Crystal structure of 1,5-diethyl-3′,5′-diphenyl-1,5-dihydro-3′H-spiro[pyrazolo[3,4-d]pyrimidine-4,2′-[1,3,4]thiadiazole]</subfield>
</datafield>
<datafield tag="700" ind1="0" ind2=" ">
    <subfield code="a">Youssef Ramli</subfield>
</datafield>
<datafield tag="700" ind1="0" ind2=" ">
    <subfield code="a">El Mokhtar Essassi</subfield>
</datafield>
<datafield tag="700" ind1="0" ind2=" ">
    <subfield code="a">Mohamed Saadi</subfield>
</datafield>
<datafield tag="700" ind1="0" ind2=" ">
    <subfield code="a">Lahcen El Ammari</subfield>
</datafield>
</record>