
<record>
<leader>     nab a22     uu 4500</leader>
<controlfield tag="001">e0c737be799741478746cf68e925fac8</controlfield>
<datafield tag="022" ind1=" " ind2=" ">
    <subfield code="a">2056-9890</subfield>
</datafield>
<datafield tag="024" ind1="7" ind2=" ">
        <subfield code="a">10.1107/S2056989015016928</subfield>
        <subfield code="2">doi</subfield>
    </datafield>
<datafield tag="100" ind1="0" ind2=" ">
    <subfield code="a">Watcharin Saphu</subfield>
</datafield>
<datafield tag="245" ind1="0" ind2="0">
    <subfield code="a">Crystal structure of 4-nitro-N-[(pyridin-2-yl)methylidene]aniline</subfield>
</datafield>
<datafield tag="700" ind1="0" ind2=" ">
    <subfield code="a">Kittipong Chainok</subfield>
</datafield>
</record>