
<record>
<leader>     nab a22     uu 4500</leader>
<controlfield tag="001">567528debfab4a8498e19a8a84e830ca</controlfield>
<datafield tag="022" ind1=" " ind2=" ">
    <subfield code="a">2056-9890</subfield>
</datafield>
<datafield tag="024" ind1="7" ind2=" ">
        <subfield code="a">10.1107/S2056989015016229</subfield>
        <subfield code="2">doi</subfield>
    </datafield>
<datafield tag="100" ind1="0" ind2=" ">
    <subfield code="a">N. L. Prasad</subfield>
</datafield>
<datafield tag="245" ind1="0" ind2="0">
    <subfield code="a">Crystal structure of 2-acetyl-5-(3,4-dimethoxyphenyl)-6-ethoxycarbonyl-3,7-dimethyl-5H-thiazolo[3,2-a]pyrimidin-8-ium chloride</subfield>
</datafield>
<datafield tag="700" ind1="0" ind2=" ">
    <subfield code="a">M. S. Krishnamurthy</subfield>
</datafield>
<datafield tag="700" ind1="0" ind2=" ">
    <subfield code="a">Noor Shahina Begum</subfield>
</datafield>
</record>