
<record>
<leader>     nab a22     uu 4500</leader>
<controlfield tag="001">4cc4c7f29eba4b9a94581d5e933d922d</controlfield>
<datafield tag="022" ind1=" " ind2=" ">
    <subfield code="a">2056-9890</subfield>
</datafield>
<datafield tag="024" ind1="7" ind2=" ">
        <subfield code="a">10.1107/S2056989015017004</subfield>
        <subfield code="2">doi</subfield>
    </datafield>
<datafield tag="100" ind1="0" ind2=" ">
    <subfield code="a">Jerry P. Jasinski</subfield>
</datafield>
<datafield tag="245" ind1="0" ind2="0">
    <subfield code="a">Crystal structure of 3-methyl-1-phenyl-6-propylamino-1H-pyrazolo[3,4-b]pyridine-5-carbonitrile</subfield>
</datafield>
<datafield tag="700" ind1="0" ind2=" ">
    <subfield code="a">Mehmet Akkurt</subfield>
</datafield>
<datafield tag="700" ind1="0" ind2=" ">
    <subfield code="a">Shaaban K. Mohamed</subfield>
</datafield>
<datafield tag="700" ind1="0" ind2=" ">
    <subfield code="a">Hajjaj H. M. Abdu-Allah</subfield>
</datafield>
<datafield tag="700" ind1="0" ind2=" ">
    <subfield code="a">Mustafa R. Albayati</subfield>
</datafield>
</record>