
<record>
<leader>     nab a22     uu 4500</leader>
<controlfield tag="001">b1c8a0b252484493824aeb86e53d853d</controlfield>
<datafield tag="022" ind1=" " ind2=" ">
    <subfield code="a">2056-9890</subfield>
</datafield>
<datafield tag="024" ind1="7" ind2=" ">
        <subfield code="a">10.1107/S2056989015016746</subfield>
        <subfield code="2">doi</subfield>
    </datafield>
<datafield tag="100" ind1="0" ind2=" ">
    <subfield code="a">Casey C. Raymond</subfield>
</datafield>
<datafield tag="245" ind1="0" ind2="0">
    <subfield code="a">Crystal structure of 1,4,5,6,7,8,9,10,11,12,13-undecahydrocyclododeca[c]pyrazol-3-ol</subfield>
</datafield>
<datafield tag="700" ind1="0" ind2=" ">
    <subfield code="a">Michael A. Knopp</subfield>
</datafield>
</record>