
<record>
<leader>     nab a22     uu 4500</leader>
<controlfield tag="001">e3e8af90b997416e8bec795ab4b025ef</controlfield>
<datafield tag="022" ind1=" " ind2=" ">
    <subfield code="a">2056-9890</subfield>
</datafield>
<datafield tag="024" ind1="7" ind2=" ">
        <subfield code="a">10.1107/S2056989015016850</subfield>
        <subfield code="2">doi</subfield>
    </datafield>
<datafield tag="100" ind1="0" ind2=" ">
    <subfield code="a">Liliya Khamidullina</subfield>
</datafield>
<datafield tag="245" ind1="0" ind2="0">
    <subfield code="a">Crystal structure of (2Z)-2-{(5Z)-5-[3-fluoro-2-(4-phenylpiperidin-1-yl)benzylidene]-4-oxo-3-(p-tolyl)-1,3-thiazolidin-2-ylidene}-N-(p-tolyl)ethanethioamide dimethyl sulfoxide monosolvate</subfield>
</datafield>
<datafield tag="700" ind1="0" ind2=" ">
    <subfield code="a">Konstantin Obydennov</subfield>
</datafield>
<datafield tag="700" ind1="0" ind2=" ">
    <subfield code="a">Pavel Slepukhin</subfield>
</datafield>
<datafield tag="700" ind1="0" ind2=" ">
    <subfield code="a">Yury Morzherin</subfield>
</datafield>
</record>