
<record>
<leader>     nab a22     uu 4500</leader>
<controlfield tag="001">0a55d2bffa414aca8ab1d99bbf262342</controlfield>
<datafield tag="022" ind1=" " ind2=" ">
    <subfield code="a">2056-9890</subfield>
</datafield>
<datafield tag="024" ind1="7" ind2=" ">
        <subfield code="a">10.1107/S2056989015016709</subfield>
        <subfield code="2">doi</subfield>
    </datafield>
<datafield tag="100" ind1="0" ind2=" ">
    <subfield code="a">Isao Fujii</subfield>
</datafield>
<datafield tag="245" ind1="0" ind2="0">
    <subfield code="a">Crystal structure of (S)-2-amino-2-methylsuccinic acid</subfield>
</datafield>
</record>