
<record>
<leader>     nab a22     uu 4500</leader>
<controlfield tag="001">998d629255ea4bd987976ce18d5b6ab0</controlfield>
<datafield tag="022" ind1=" " ind2=" ">
    <subfield code="a">2056-9890</subfield>
</datafield>
<datafield tag="024" ind1="7" ind2=" ">
        <subfield code="a">10.1107/S2056989015016345</subfield>
        <subfield code="2">doi</subfield>
    </datafield>
<datafield tag="100" ind1="0" ind2=" ">
    <subfield code="a">Graham Smith</subfield>
</datafield>
<datafield tag="245" ind1="0" ind2="0">
    <subfield code="a">Crystal structure of ammonium (3,5-dichlorophenoxy)acetate hemihydrate</subfield>
</datafield>
</record>