
<record>
<leader>     nab a22     uu 4500</leader>
<controlfield tag="001">8d917d52322c438facbe33b20d8bdf8e</controlfield>
<datafield tag="022" ind1=" " ind2=" ">
    <subfield code="a">2056-9890</subfield>
</datafield>
<datafield tag="024" ind1="7" ind2=" ">
        <subfield code="a">10.1107/S2056989015016199</subfield>
        <subfield code="2">doi</subfield>
    </datafield>
<datafield tag="100" ind1="0" ind2=" ">
    <subfield code="a">Kittipong Chainok</subfield>
</datafield>
<datafield tag="245" ind1="0" ind2="0">
    <subfield code="a">The crystal structure of 2-[5-(dimethylamino)naphthalene-1-sulfonamido]phenyl 5-(dimethylamino)naphthalene-1-sulfonate</subfield>
</datafield>
<datafield tag="700" ind1="0" ind2=" ">
    <subfield code="a">Tanwawan Duangthongyou</subfield>
</datafield>
<datafield tag="700" ind1="0" ind2=" ">
    <subfield code="a">Thawatchai Tuntulani</subfield>
</datafield>
<datafield tag="700" ind1="0" ind2=" ">
    <subfield code="a">Apinya Chuenka</subfield>
</datafield>
<datafield tag="700" ind1="0" ind2=" ">
    <subfield code="a">Boontana Wannalerse</subfield>
</datafield>
</record>