
<record>
<leader>     nab a22     uu 4500</leader>
<controlfield tag="001">525ddf8a20a34f6a9a79cf5614956c3d</controlfield>
<datafield tag="022" ind1=" " ind2=" ">
    <subfield code="a">2056-9890</subfield>
</datafield>
<datafield tag="024" ind1="7" ind2=" ">
        <subfield code="a">10.1107/S2056989015015972</subfield>
        <subfield code="2">doi</subfield>
    </datafield>
<datafield tag="100" ind1="0" ind2=" ">
    <subfield code="a">H. R. Rajegowda</subfield>
</datafield>
<datafield tag="245" ind1="0" ind2="0">
    <subfield code="a">Crystal structure of (2R)-1-[(methylsulfonyl)oxy]propan-2-aminium chloride: a chiral molecular salt</subfield>
</datafield>
<datafield tag="700" ind1="0" ind2=" ">
    <subfield code="a">B. S. Palakshamurthy</subfield>
</datafield>
<datafield tag="700" ind1="0" ind2=" ">
    <subfield code="a">N. K. Lokanath</subfield>
</datafield>
<datafield tag="700" ind1="0" ind2=" ">
    <subfield code="a">S. Naveen</subfield>
</datafield>
<datafield tag="700" ind1="0" ind2=" ">
    <subfield code="a">P. Raghavendra Kumar</subfield>
</datafield>
</record>