
<record>
<leader>     nab a22     uu 4500</leader>
<controlfield tag="001">78bc6fff41c346dab3f29f3ed74d1b7c</controlfield>
<datafield tag="022" ind1=" " ind2=" ">
    <subfield code="a">2056-9890</subfield>
</datafield>
<datafield tag="024" ind1="7" ind2=" ">
        <subfield code="a">10.1107/S2056989015016266</subfield>
        <subfield code="2">doi</subfield>
    </datafield>
<datafield tag="100" ind1="0" ind2=" ">
    <subfield code="a">Sarah K. Zingales</subfield>
</datafield>
<datafield tag="245" ind1="0" ind2="0">
    <subfield code="a">Crystal structure of (E)-1-(3-chlorophenyl)-3-(furan-2-yl)prop-2-en-1-one</subfield>
</datafield>
<datafield tag="700" ind1="0" ind2=" ">
    <subfield code="a">Maya Z. Wallace</subfield>
</datafield>
<datafield tag="700" ind1="0" ind2=" ">
    <subfield code="a">Clifford W. Padgett</subfield>
</datafield>
</record>