
<record>
<leader>     nab a22     uu 4500</leader>
<controlfield tag="001">175dca8879dd40bab185405ad3b7f8fc</controlfield>
<datafield tag="022" ind1=" " ind2=" ">
    <subfield code="a">2056-9890</subfield>
</datafield>
<datafield tag="024" ind1="7" ind2=" ">
        <subfield code="a">10.1107/S2056989015016175</subfield>
        <subfield code="2">doi</subfield>
    </datafield>
<datafield tag="100" ind1="0" ind2=" ">
    <subfield code="a">S. B. Benaka Prasad</subfield>
</datafield>
<datafield tag="245" ind1="0" ind2="0">
    <subfield code="a">Crystal structure of 1′-ethylspiro[chroman-4,4′-imidazolidine]-2′,5′-dione: a hydantoine derivative</subfield>
</datafield>
<datafield tag="700" ind1="0" ind2=" ">
    <subfield code="a">S. Naveen</subfield>
</datafield>
<datafield tag="700" ind1="0" ind2=" ">
    <subfield code="a">M. Madaiah</subfield>
</datafield>
<datafield tag="700" ind1="0" ind2=" ">
    <subfield code="a">N. K. Lokanath</subfield>
</datafield>
<datafield tag="700" ind1="0" ind2=" ">
    <subfield code="a">Ismail Warad</subfield>
</datafield>
<datafield tag="700" ind1="0" ind2=" ">
    <subfield code="a">Muneer Abdoh</subfield>
</datafield>
</record>