
<record>
<leader>     nab a22     uu 4500</leader>
<controlfield tag="001">3fd554db7565470c879d1a2009372ef1</controlfield>
<datafield tag="022" ind1=" " ind2=" ">
    <subfield code="a">2056-9890</subfield>
</datafield>
<datafield tag="024" ind1="7" ind2=" ">
        <subfield code="a">10.1107/S205698901501676X</subfield>
        <subfield code="2">doi</subfield>
    </datafield>
<datafield tag="100" ind1="0" ind2=" ">
    <subfield code="a">Chatphorn Theppitak</subfield>
</datafield>
<datafield tag="245" ind1="0" ind2="0">
    <subfield code="a">Crystal structure of poly[(2,2′-bipyridine-κ2N,N′)tetra-μ2-cyanido-κ4C:N;κ4N:C-manganese(II)disilver(I)]</subfield>
</datafield>
<datafield tag="700" ind1="0" ind2=" ">
    <subfield code="a">Kittipong Chainok</subfield>
</datafield>
</record>