
<record>
<leader>     nab a22     uu 4500</leader>
<controlfield tag="001">5e34c350e5554f9c91585a47f36b2722</controlfield>
<datafield tag="022" ind1=" " ind2=" ">
    <subfield code="a">2056-9890</subfield>
</datafield>
<datafield tag="024" ind1="7" ind2=" ">
        <subfield code="a">10.1107/S2056989015016254</subfield>
        <subfield code="2">doi</subfield>
    </datafield>
<datafield tag="100" ind1="0" ind2=" ">
    <subfield code="a">Eduard Rais</subfield>
</datafield>
<datafield tag="245" ind1="0" ind2="0">
    <subfield code="a">Crystal structure of tris(1,3-dimesityl-4,5-dihydro-1H-imidazol-3-ium) tetrabromidocobaltate(II) bromide chloroform hexasolvate</subfield>
</datafield>
<datafield tag="700" ind1="0" ind2=" ">
    <subfield code="a">Ulrich Flörke</subfield>
</datafield>
<datafield tag="700" ind1="0" ind2=" ">
    <subfield code="a">René Wilhelm</subfield>
</datafield>
</record>