
<record>
<leader>     nab a22     uu 4500</leader>
<controlfield tag="001">5fde56d9905e472abec692e142710470</controlfield>
<datafield tag="022" ind1=" " ind2=" ">
    <subfield code="a">2056-9890</subfield>
</datafield>
<datafield tag="024" ind1="7" ind2=" ">
        <subfield code="a">10.1107/S2056989015016758</subfield>
        <subfield code="2">doi</subfield>
    </datafield>
<datafield tag="100" ind1="0" ind2=" ">
    <subfield code="a">Peter W. R. Corfield</subfield>
</datafield>
<datafield tag="245" ind1="0" ind2="0">
    <subfield code="a">Crystal structure of dichlorido[2-(diphenylphosphanyl)-3,4,5,6-tetrafluorobenzene-1-thiolato-κ2P,S]gold(III)</subfield>
</datafield>
<datafield tag="700" ind1="0" ind2=" ">
    <subfield code="a">Mary Bailey</subfield>
</datafield>
</record>