
<record>
<leader>     nab a22     uu 4500</leader>
<controlfield tag="001">629a5bbe9ac2488f8869588d193d40d3</controlfield>
<datafield tag="022" ind1=" " ind2=" ">
    <subfield code="a">2056-9890</subfield>
</datafield>
<datafield tag="024" ind1="7" ind2=" ">
        <subfield code="a">10.1107/S2056989015017132</subfield>
        <subfield code="2">doi</subfield>
    </datafield>
<datafield tag="100" ind1="0" ind2=" ">
    <subfield code="a">Stanislav I. Bezzubov</subfield>
</datafield>
<datafield tag="245" ind1="0" ind2="0">
    <subfield code="a">Crystal structure of an unknown solvate of dodecakis(μ2-alaninato-1:2κ2O:N,O)cerium(III)hexanickel(II) aquatris(hydroxido-κO)tris(nitrato-κ2O,O′)cerate(III)</subfield>
</datafield>
<datafield tag="700" ind1="0" ind2=" ">
    <subfield code="a">Vladimir D. Doljenko</subfield>
</datafield>
<datafield tag="700" ind1="0" ind2=" ">
    <subfield code="a">Andrei V. Churakov</subfield>
</datafield>
<datafield tag="700" ind1="0" ind2=" ">
    <subfield code="a">Irina S. Zharinova</subfield>
</datafield>
<datafield tag="700" ind1="0" ind2=" ">
    <subfield code="a">Yuri M. Kiselev</subfield>
</datafield>
</record>