
<record>
<leader>     nab a22     uu 4500</leader>
<controlfield tag="001">2034d8df41c8472a87eceafb8a8a61a1</controlfield>
<datafield tag="022" ind1=" " ind2=" ">
    <subfield code="a">2056-9890</subfield>
</datafield>
<datafield tag="024" ind1="7" ind2=" ">
        <subfield code="a">10.1107/S2056989015017478</subfield>
        <subfield code="2">doi</subfield>
    </datafield>
<datafield tag="100" ind1="0" ind2=" ">
    <subfield code="a">Keito Fukuda</subfield>
</datafield>
<datafield tag="245" ind1="0" ind2="0">
    <subfield code="a">Crystal structure of [5-bromo-2-(pyridin-2-yl-κN)phenyl-κC1](pentane-2,4-dionato-κ2O,O′)platinum(II)</subfield>
</datafield>
<datafield tag="700" ind1="0" ind2=" ">
    <subfield code="a">Tomoaki Sugaya</subfield>
</datafield>
<datafield tag="700" ind1="0" ind2=" ">
    <subfield code="a">Koji Ishihara</subfield>
</datafield>
</record>