
<record>
<leader>     nab a22     uu 4500</leader>
<controlfield tag="001">92548344873943388e00c0342f3b3c28</controlfield>
<datafield tag="022" ind1=" " ind2=" ">
    <subfield code="a">2056-9890</subfield>
</datafield>
<datafield tag="024" ind1="7" ind2=" ">
        <subfield code="a">10.1107/S2056989015017697</subfield>
        <subfield code="2">doi</subfield>
    </datafield>
<datafield tag="100" ind1="0" ind2=" ">
    <subfield code="a">Andreas Meyer</subfield>
</datafield>
<datafield tag="245" ind1="0" ind2="0">
    <subfield code="a">Crystal structure of 4′-{[4-(2,2′:6′,2′′-terpyridyl-4′-yl)phenyl]ethynyl}biphenyl-4-yl (2,2,5,5-tetramethyl-1-oxyl-3-pyrrolin-3-yl)formate benzene 2.5-solvate</subfield>
</datafield>
<datafield tag="700" ind1="0" ind2=" ">
    <subfield code="a">Gregor Schnakenburg</subfield>
</datafield>
<datafield tag="700" ind1="0" ind2=" ">
    <subfield code="a">Olav Schiemann</subfield>
</datafield>
</record>