
<record>
<leader>     nab a22     uu 4500</leader>
<controlfield tag="001">6e71a235b23d4cc5b70fee517cfb2fab</controlfield>
<datafield tag="022" ind1=" " ind2=" ">
    <subfield code="a">2056-9890</subfield>
</datafield>
<datafield tag="024" ind1="7" ind2=" ">
        <subfield code="a">10.1107/S2056989015017430</subfield>
        <subfield code="2">doi</subfield>
    </datafield>
<datafield tag="100" ind1="0" ind2=" ">
    <subfield code="a">Bianca King London</subfield>
</datafield>
<datafield tag="245" ind1="0" ind2="0">
    <subfield code="a">A co-crystal of nonahydrated disodium(II) with mixed anions from m-chlorobenzoic acid and furosemide</subfield>
</datafield>
<datafield tag="700" ind1="0" ind2=" ">
    <subfield code="a">Michelle O. Fletcher Claville</subfield>
</datafield>
<datafield tag="700" ind1="0" ind2=" ">
    <subfield code="a">Sainath Babu</subfield>
</datafield>
<datafield tag="700" ind1="0" ind2=" ">
    <subfield code="a">Frank R. Fronczek</subfield>
</datafield>
<datafield tag="700" ind1="0" ind2=" ">
    <subfield code="a">Rao M. Uppu</subfield>
</datafield>
</record>