
<record>
<leader>     nab a22     uu 4500</leader>
<controlfield tag="001">5aeb6ffd35c24cdeb1b6bde8362d4eea</controlfield>
<datafield tag="022" ind1=" " ind2=" ">
    <subfield code="a">2056-9890</subfield>
</datafield>
<datafield tag="024" ind1="7" ind2=" ">
        <subfield code="a">10.1107/S2056989015017636</subfield>
        <subfield code="2">doi</subfield>
    </datafield>
<datafield tag="100" ind1="0" ind2=" ">
    <subfield code="a">Peter Frenzel</subfield>
</datafield>
<datafield tag="245" ind1="0" ind2="0">
    <subfield code="a">Crystal structure of an unknown tetrahydrofuran solvate of tetrakis(μ3-cyanato-κ3N:N:N)tetrakis[(triphenylphosphane-κP)silver(I)]</subfield>
</datafield>
<datafield tag="700" ind1="0" ind2=" ">
    <subfield code="a">Dieter Schaarschmidt</subfield>
</datafield>
<datafield tag="700" ind1="0" ind2=" ">
    <subfield code="a">Alexander Jakob</subfield>
</datafield>
<datafield tag="700" ind1="0" ind2=" ">
    <subfield code="a">Heinrich Lang</subfield>
</datafield>
</record>