
<record>
<leader>     nab a22     uu 4500</leader>
<controlfield tag="001">213067e4b5064ac2bb4ee56fe77fd8c9</controlfield>
<datafield tag="022" ind1=" " ind2=" ">
    <subfield code="a">2056-9890</subfield>
</datafield>
<datafield tag="024" ind1="7" ind2=" ">
        <subfield code="a">10.1107/S2056989015017429</subfield>
        <subfield code="2">doi</subfield>
    </datafield>
<datafield tag="100" ind1="0" ind2=" ">
    <subfield code="a">Alexander A. Golichenko</subfield>
</datafield>
<datafield tag="245" ind1="0" ind2="0">
    <subfield code="a">Crystal structure of di-μ-isobutyrato-κ4O:O′-bis[cis-dichlorido(dimethyl sulfoxide-κS)rhenium(III)]</subfield>
</datafield>
<datafield tag="700" ind1="0" ind2=" ">
    <subfield code="a">Alexander V. Shtemenko</subfield>
</datafield>
</record>