
<record>
<leader>     nab a22     uu 4500</leader>
<controlfield tag="001">1ba6521774ce41d98a32dc26cbf19309</controlfield>
<datafield tag="022" ind1=" " ind2=" ">
    <subfield code="a">2056-9890</subfield>
</datafield>
<datafield tag="024" ind1="7" ind2=" ">
        <subfield code="a">10.1107/S2056989015017053</subfield>
        <subfield code="2">doi</subfield>
    </datafield>
<datafield tag="100" ind1="0" ind2=" ">
    <subfield code="a">Logan E. Shephard</subfield>
</datafield>
<datafield tag="245" ind1="0" ind2="0">
    <subfield code="a">Synthesis, characterization and crystal structure of a 2-(diethylaminomethyl)indole ligated dimethylaluminium complex</subfield>
</datafield>
<datafield tag="700" ind1="0" ind2=" ">
    <subfield code="a">Nicholas B. Kingsley</subfield>
</datafield>
</record>