
<record>
<leader>     nab a22     uu 4500</leader>
<controlfield tag="001">643e9f52b13c425aa156284fe3941ac8</controlfield>
<datafield tag="022" ind1=" " ind2=" ">
    <subfield code="a">2056-9890</subfield>
</datafield>
<datafield tag="024" ind1="7" ind2=" ">
        <subfield code="a">10.1107/S2056989015017314</subfield>
        <subfield code="2">doi</subfield>
    </datafield>
<datafield tag="100" ind1="0" ind2=" ">
    <subfield code="a">Elena A. Buvaylo</subfield>
</datafield>
<datafield tag="245" ind1="0" ind2="0">
    <subfield code="a">Crystal structure of tetrakis(μ3-2-{[1,1-bis(hydroxymethyl)-2-oxidoethyl]iminomethyl}-6-methoxyphenolato)tetrakis[aquacopper(II)]: a redetermination at 200 K</subfield>
</datafield>
<datafield tag="700" ind1="0" ind2=" ">
    <subfield code="a">Olga Yu. Vassilyeva</subfield>
</datafield>
<datafield tag="700" ind1="0" ind2=" ">
    <subfield code="a">Brian W. Skelton</subfield>
</datafield>
</record>