
<record>
<leader>     nab a22     uu 4500</leader>
<controlfield tag="001">abfdb3cb60eb416d89a057bc3771aa55</controlfield>
<datafield tag="022" ind1=" " ind2=" ">
    <subfield code="a">2056-9890</subfield>
</datafield>
<datafield tag="024" ind1="7" ind2=" ">
        <subfield code="a">10.1107/S2056989015017119</subfield>
        <subfield code="2">doi</subfield>
    </datafield>
<datafield tag="100" ind1="0" ind2=" ">
    <subfield code="a">Nancy Romero</subfield>
</datafield>
<datafield tag="245" ind1="0" ind2="0">
    <subfield code="a">Crystal structures of two chiral piperidine derivatives: 1-[(1R)-2-hydroxy-1-phenylethyl]piperidin-4-one and 8-[(1S)-1-phenylethyl]-1,4-dioxa-8-azaspiro[4.5]decane-7-thione</subfield>
</datafield>
<datafield tag="700" ind1="0" ind2=" ">
    <subfield code="a">Sylvain Bernès</subfield>
</datafield>
<datafield tag="700" ind1="0" ind2=" ">
    <subfield code="a">Luis F. Roa</subfield>
</datafield>
<datafield tag="700" ind1="0" ind2=" ">
    <subfield code="a">Joel L. Terán</subfield>
</datafield>
<datafield tag="700" ind1="0" ind2=" ">
    <subfield code="a">Dino Gnecco</subfield>
</datafield>
</record>