
<record>
<leader>     nab a22     uu 4500</leader>
<controlfield tag="001">ebcc9719d5964d91b58ff38633931799</controlfield>
<datafield tag="022" ind1=" " ind2=" ">
    <subfield code="a">2056-9890</subfield>
</datafield>
<datafield tag="024" ind1="7" ind2=" ">
        <subfield code="a">10.1107/S2056989015017582</subfield>
        <subfield code="2">doi</subfield>
    </datafield>
<datafield tag="100" ind1="0" ind2=" ">
    <subfield code="a">Vitalijs Rjabovs</subfield>
</datafield>
<datafield tag="245" ind1="0" ind2="0">
    <subfield code="a">Crystal structure of 3-C-(N-benzyloxycarbonyl)aminomethyl-3-deoxy-1,2:5,6-di-O-isopropylidene-α-d-allofuranose</subfield>
</datafield>
<datafield tag="700" ind1="0" ind2=" ">
    <subfield code="a">Dmitrijs Stepanovs</subfield>
</datafield>
<datafield tag="700" ind1="0" ind2=" ">
    <subfield code="a">Maris Turks</subfield>
</datafield>
</record>