
<record>
<leader>     nab a22     uu 4500</leader>
<controlfield tag="001">ea0864ee536640be97a4903d468571ab</controlfield>
<datafield tag="022" ind1=" " ind2=" ">
    <subfield code="a">2056-9890</subfield>
</datafield>
<datafield tag="024" ind1="7" ind2=" ">
        <subfield code="a">10.1107/S2056989015017399</subfield>
        <subfield code="2">doi</subfield>
    </datafield>
<datafield tag="100" ind1="0" ind2=" ">
    <subfield code="a">David Stíbal</subfield>
</datafield>
<datafield tag="245" ind1="0" ind2="0">
    <subfield code="a">Crystal structure of bis[μ-(4-methoxyphenyl)methanethiolato-κ2S:S]bis[chlorido(η6-1-isopropyl-4-methylbenzene)ruthenium(II)] chloroform disolvate</subfield>
</datafield>
<datafield tag="700" ind1="0" ind2=" ">
    <subfield code="a">Georg Süss-Fink</subfield>
</datafield>
<datafield tag="700" ind1="0" ind2=" ">
    <subfield code="a">Bruno Therrien</subfield>
</datafield>
</record>