
<record>
<leader>     nab a22     uu 4500</leader>
<controlfield tag="001">5d3e1b50143d491db1a8d0197092bbf4</controlfield>
<datafield tag="022" ind1=" " ind2=" ">
    <subfield code="a">2056-9890</subfield>
</datafield>
<datafield tag="024" ind1="7" ind2=" ">
        <subfield code="a">10.1107/S2056989015015893</subfield>
        <subfield code="2">doi</subfield>
    </datafield>
<datafield tag="100" ind1="0" ind2=" ">
    <subfield code="a">Barbara L. Goldenberg</subfield>
</datafield>
<datafield tag="245" ind1="0" ind2="0">
    <subfield code="a">Crystal structures of three (trichloromethyl)(carbamoyl)disulfanes</subfield>
</datafield>
<datafield tag="700" ind1="0" ind2=" ">
    <subfield code="a">Victor G. Young Jr</subfield>
</datafield>
<datafield tag="700" ind1="0" ind2=" ">
    <subfield code="a">George Barany</subfield>
</datafield>
</record>