
<record>
<leader>     nab a22     uu 4500</leader>
<controlfield tag="001">4131fbb7dca24e1d8843fa2586509da3</controlfield>
<datafield tag="022" ind1=" " ind2=" ">
    <subfield code="a">2056-9890</subfield>
</datafield>
<datafield tag="024" ind1="7" ind2=" ">
        <subfield code="a">10.1107/S2056989015017090</subfield>
        <subfield code="2">doi</subfield>
    </datafield>
<datafield tag="100" ind1="0" ind2=" ">
    <subfield code="a">Jeganathan Gomathi</subfield>
</datafield>
<datafield tag="245" ind1="0" ind2="0">
    <subfield code="a">Crystal structure of 3-methylpyridinium picrate: a triclinic polymorph</subfield>
</datafield>
<datafield tag="700" ind1="0" ind2=" ">
    <subfield code="a">Doraisamyraja Kalaivani</subfield>
</datafield>
</record>