
<record>
<leader>     nab a22     uu 4500</leader>
<controlfield tag="001">24bbaa481ea64990a751d56a87e71924</controlfield>
<datafield tag="022" ind1=" " ind2=" ">
    <subfield code="a">2056-9890</subfield>
</datafield>
<datafield tag="024" ind1="7" ind2=" ">
        <subfield code="a">10.1107/S2056989015016655</subfield>
        <subfield code="2">doi</subfield>
    </datafield>
<datafield tag="100" ind1="0" ind2=" ">
    <subfield code="a">Chien Ing Yeo</subfield>
</datafield>
<datafield tag="245" ind1="0" ind2="0">
    <subfield code="a">Crystal structures of 5-amino-N-phenyl-3H-1,2,4-dithiazol-3-iminium chloride and 5-amino-N-(4-chlorophenyl)-3H-1,2,4-dithiazol-3-iminium chloride monohydrate</subfield>
</datafield>
<datafield tag="700" ind1="0" ind2=" ">
    <subfield code="a">Yee Seng Tan</subfield>
</datafield>
<datafield tag="700" ind1="0" ind2=" ">
    <subfield code="a">Edward R. T. Tiekink</subfield>
</datafield>
</record>