
<record>
<leader>     nab a22     uu 4500</leader>
<controlfield tag="001">eb5b7d1de7dc4f94a04d59dc09d1d152</controlfield>
<datafield tag="022" ind1=" " ind2=" ">
    <subfield code="a">2056-9890</subfield>
</datafield>
<datafield tag="024" ind1="7" ind2=" ">
        <subfield code="a">10.1107/S2056989015016953</subfield>
        <subfield code="2">doi</subfield>
    </datafield>
<datafield tag="100" ind1="0" ind2=" ">
    <subfield code="a">David Stíbal</subfield>
</datafield>
<datafield tag="245" ind1="0" ind2="0">
    <subfield code="a">Crystal structure of (μ-4-hydroxybenzenethiolato-κ2S:S)bis(μ-phenylmethanethiolato-κ2S:S)bis[(η6-1-isopropyl-4-methylbenzene)ruthenium(II)] tetrafluoridoborate</subfield>
</datafield>
<datafield tag="700" ind1="0" ind2=" ">
    <subfield code="a">Georg Süss-Fink</subfield>
</datafield>
<datafield tag="700" ind1="0" ind2=" ">
    <subfield code="a">Bruno Therrien</subfield>
</datafield>
</record>