
<record>
<leader>     nab a22     uu 4500</leader>
<controlfield tag="001">914be909cb334c0fbc90ee55caa70ca3</controlfield>
<datafield tag="022" ind1=" " ind2=" ">
    <subfield code="a">2056-9890</subfield>
</datafield>
<datafield tag="024" ind1="7" ind2=" ">
        <subfield code="a">10.1107/S2056989015017302</subfield>
        <subfield code="2">doi</subfield>
    </datafield>
<datafield tag="100" ind1="0" ind2=" ">
    <subfield code="a">Selladurai Sathiskumar</subfield>
</datafield>
<datafield tag="245" ind1="0" ind2="0">
    <subfield code="a">Crystal structure of poly[[μ2-diaqua-diaqua-μ2-l-proline-κ2O:O′-strontium] dibromide]</subfield>
</datafield>
<datafield tag="700" ind1="0" ind2=" ">
    <subfield code="a">Thangavelu Balakrishnan</subfield>
</datafield>
<datafield tag="700" ind1="0" ind2=" ">
    <subfield code="a">Kandasamy Ramamurthi</subfield>
</datafield>
<datafield tag="700" ind1="0" ind2=" ">
    <subfield code="a">Subbiah Thamotharan</subfield>
</datafield>
</record>