
<record>
<leader>     nab a22     uu 4500</leader>
<controlfield tag="001">529e352acca140eb9efaa98296d3d1f9</controlfield>
<datafield tag="022" ind1=" " ind2=" ">
    <subfield code="a">2056-9890</subfield>
</datafield>
<datafield tag="024" ind1="7" ind2=" ">
        <subfield code="a">10.1107/S2056989015016722</subfield>
        <subfield code="2">doi</subfield>
    </datafield>
<datafield tag="100" ind1="0" ind2=" ">
    <subfield code="a">Graham Smith</subfield>
</datafield>
<datafield tag="245" ind1="0" ind2="0">
    <subfield code="a">Crystal structures of the potassium and rubidium salts of (3,5-dichlorophenoxy)acetic acid: two isotypic coordination polymers</subfield>
</datafield>
</record>