
<record>
<leader>     nab a22     uu 4500</leader>
<controlfield tag="001">af98517c1c834bdbbad120879c5707cc</controlfield>
<datafield tag="022" ind1=" " ind2=" ">
    <subfield code="a">2056-9890</subfield>
</datafield>
<datafield tag="024" ind1="7" ind2=" ">
        <subfield code="a">10.1107/S2056989015015807</subfield>
        <subfield code="2">doi</subfield>
    </datafield>
<datafield tag="100" ind1="0" ind2=" ">
    <subfield code="a">Amira Derbel</subfield>
</datafield>
<datafield tag="245" ind1="0" ind2="0">
    <subfield code="a">Etude structurale et vibrationnelle d&apos;un nouveau composé complexe de cobalt: [Co(imidazole)4Cl]Cl</subfield>
</datafield>
<datafield tag="700" ind1="0" ind2=" ">
    <subfield code="a">Tahar Mhiri</subfield>
</datafield>
<datafield tag="700" ind1="0" ind2=" ">
    <subfield code="a">Mohsen Graia</subfield>
</datafield>
</record>