
<record>
<leader>     nab a22     uu 4500</leader>
<controlfield tag="001">b3252c09e1204a199305c855bf12d49c</controlfield>
<datafield tag="022" ind1=" " ind2=" ">
    <subfield code="a">2056-9890</subfield>
</datafield>
<datafield tag="024" ind1="7" ind2=" ">
        <subfield code="a">10.1107/S2056989015016710</subfield>
        <subfield code="2">doi</subfield>
    </datafield>
<datafield tag="100" ind1="0" ind2=" ">
    <subfield code="a">Carina Sollert</subfield>
</datafield>
<datafield tag="245" ind1="0" ind2="0">
    <subfield code="a">Crystal structure of acetonitrile[η6-1-methyl-4-(1-methylethyl)benzene][1-(pyrimidin-2-yl)-3H-indol-1-ium-2-yl-κ2N,C]ruthenium(II) bis(hexafluoridoantimonate)</subfield>
</datafield>
<datafield tag="700" ind1="0" ind2=" ">
    <subfield code="a">Andreas Orthaber</subfield>
</datafield>
<datafield tag="700" ind1="0" ind2=" ">
    <subfield code="a">Lukasz T. Pilarski</subfield>
</datafield>
</record>