
<record>
<leader>     nab a22     uu 4500</leader>
<controlfield tag="001">b62bf8f6a5cd438ab48a9a0770de46a4</controlfield>
<datafield tag="022" ind1=" " ind2=" ">
    <subfield code="a">2056-9890</subfield>
</datafield>
<datafield tag="024" ind1="7" ind2=" ">
        <subfield code="a">10.1107/S2056989015016849</subfield>
        <subfield code="2">doi</subfield>
    </datafield>
<datafield tag="100" ind1="0" ind2=" ">
    <subfield code="a">Casseday P. Richers</subfield>
</datafield>
<datafield tag="245" ind1="0" ind2="0">
    <subfield code="a">Crystal structure of bis(acetylacetonato-κ2O,O′)(tetrahydrofuran-κO)(trifluoromethanesulfonato-κO)iron(III)</subfield>
</datafield>
<datafield tag="700" ind1="0" ind2=" ">
    <subfield code="a">Jeffery A. Bertke</subfield>
</datafield>
<datafield tag="700" ind1="0" ind2=" ">
    <subfield code="a">Thomas B. Rauchfuss</subfield>
</datafield>
</record>