
<record>
<leader>     nab a22     uu 4500</leader>
<controlfield tag="001">5cb216f877ba4aefabd1c29bbd78deca</controlfield>
<datafield tag="022" ind1=" " ind2=" ">
    <subfield code="a">2056-9890</subfield>
</datafield>
<datafield tag="024" ind1="7" ind2=" ">
        <subfield code="a">10.1107/S2056989015016801</subfield>
        <subfield code="2">doi</subfield>
    </datafield>
<datafield tag="100" ind1="0" ind2=" ">
    <subfield code="a">Nobuyuki Matsushita</subfield>
</datafield>
<datafield tag="245" ind1="0" ind2="0">
    <subfield code="a">Redetermination of the crystal structure of catena-poly[[[bis(ethylenediamine)platinum(II)]-μ-iodido-[bis(ethylenediamine)platinum(IV)]-μ-iodido] tetrakis(octane-1-sulfonate) dihydrate]</subfield>
</datafield>
</record>