
<record>
<leader>     nab a22     uu 4500</leader>
<controlfield tag="001">403f7757b9564d268459e52209f0c7ab</controlfield>
<datafield tag="022" ind1=" " ind2=" ">
    <subfield code="a">2056-9890</subfield>
</datafield>
<datafield tag="024" ind1="7" ind2=" ">
        <subfield code="a">10.1107/S2056989015016023</subfield>
        <subfield code="2">doi</subfield>
    </datafield>
<datafield tag="100" ind1="0" ind2=" ">
    <subfield code="a">Mukesh M. Jotani</subfield>
</datafield>
<datafield tag="245" ind1="0" ind2="0">
    <subfield code="a">A monoclinic polymorph of 4-(2H-1,3-benzodioxol-5-yl)-1-(4-methylphenyl)-1H-pyrazol-5-amine</subfield>
</datafield>
<datafield tag="700" ind1="0" ind2=" ">
    <subfield code="a">Nilesh N. Gajera</subfield>
</datafield>
<datafield tag="700" ind1="0" ind2=" ">
    <subfield code="a">Mukesh C. Patel</subfield>
</datafield>
<datafield tag="700" ind1="0" ind2=" ">
    <subfield code="a">Herman H. Y. Sung</subfield>
</datafield>
<datafield tag="700" ind1="0" ind2=" ">
    <subfield code="a">Edward R. T. Tiekink</subfield>
</datafield>
</record>