
<record>
<leader>     nab a22     uu 4500</leader>
<controlfield tag="001">06bfd44854fd436eb727a9ea04e1d5b9</controlfield>
<datafield tag="022" ind1=" " ind2=" ">
    <subfield code="a">2056-9890</subfield>
</datafield>
<datafield tag="024" ind1="7" ind2=" ">
        <subfield code="a">10.1107/S205698901501590X</subfield>
        <subfield code="2">doi</subfield>
    </datafield>
<datafield tag="100" ind1="0" ind2=" ">
    <subfield code="a">D. Douglas Richards</subfield>
</datafield>
<datafield tag="245" ind1="0" ind2="0">
    <subfield code="a">Structure and spectroscopic properties of N,S-coordinating 2-methylsulfanyl-N-[(1H-pyrrol-2-yl)methylidene]aniline methanol monosolvate</subfield>
</datafield>
<datafield tag="700" ind1="0" ind2=" ">
    <subfield code="a">M. Trisha C. Ang</subfield>
</datafield>
<datafield tag="700" ind1="0" ind2=" ">
    <subfield code="a">Robert McDonald</subfield>
</datafield>
<datafield tag="700" ind1="0" ind2=" ">
    <subfield code="a">Matthias Bierenstiel</subfield>
</datafield>
</record>