
<record>
<leader>     nab a22     uu 4500</leader>
<controlfield tag="001">90ac49a1537a4c6ca9f18693ffb411dd</controlfield>
<datafield tag="022" ind1=" " ind2=" ">
    <subfield code="a">2056-9890</subfield>
</datafield>
<datafield tag="024" ind1="7" ind2=" ">
        <subfield code="a">10.1107/S2056989015016382</subfield>
        <subfield code="2">doi</subfield>
    </datafield>
<datafield tag="100" ind1="0" ind2=" ">
    <subfield code="a">Yee Seng Tan</subfield>
</datafield>
<datafield tag="245" ind1="0" ind2="0">
    <subfield code="a">Crystal structure of [μ2-1,1′-bis(diphenylphosphanyl)ferrocene-κ2P:P′]bis[(pyrrolidine-1-carbodithioato-κS)gold(I)]</subfield>
</datafield>
<datafield tag="700" ind1="0" ind2=" ">
    <subfield code="a">Edward R. T. Tiekink</subfield>
</datafield>
</record>