
<record>
<leader>     nab a22     uu 4500</leader>
<controlfield tag="001">62fc45b7b88041c29fc48d9e819cf80b</controlfield>
<datafield tag="022" ind1=" " ind2=" ">
    <subfield code="a">2056-9890</subfield>
</datafield>
<datafield tag="024" ind1="7" ind2=" ">
        <subfield code="a">10.1107/S2056989015016163</subfield>
        <subfield code="2">doi</subfield>
    </datafield>
<datafield tag="100" ind1="0" ind2=" ">
    <subfield code="a">Anqi Wan</subfield>
</datafield>
<datafield tag="245" ind1="0" ind2="0">
    <subfield code="a">Comparison crystal structure conformations of two structurally related biphenyl analogues: 4,4′-bis[3-(pyrrolidin-1-yl)prop-1-yn-1-yl]-1,1′-biphenyl and 4,4′-bis{3-[(S)-2-methylpyrrolidin-1-yl]prop-1-yn-1-yl}-1,1′-biphenyl</subfield>
</datafield>
<datafield tag="700" ind1="0" ind2=" ">
    <subfield code="a">Narsimha Reddy Penthala</subfield>
</datafield>
<datafield tag="700" ind1="0" ind2=" ">
    <subfield code="a">E. Kim Fifer</subfield>
</datafield>
<datafield tag="700" ind1="0" ind2=" ">
    <subfield code="a">Sean Parkin</subfield>
</datafield>
<datafield tag="700" ind1="0" ind2=" ">
    <subfield code="a">Peter A. Crooks</subfield>
</datafield>
</record>