
<record>
<leader>     nab a22     uu 4500</leader>
<controlfield tag="001">7fa02ad1b96c43e899fb78c34a7d949a</controlfield>
<datafield tag="022" ind1=" " ind2=" ">
    <subfield code="a">2056-9890</subfield>
</datafield>
<datafield tag="024" ind1="7" ind2=" ">
        <subfield code="a">10.1107/S2056989015016059</subfield>
        <subfield code="2">doi</subfield>
    </datafield>
<datafield tag="100" ind1="0" ind2=" ">
    <subfield code="a">Timo Stein</subfield>
</datafield>
<datafield tag="245" ind1="0" ind2="0">
    <subfield code="a">Crystal structures of 1-bromo-3,5-bis(4,4-dimethyl-1,3-oxazolin-2-yl)benzene 0.15-hydrate and 3,5-bis(4,4-dimethyl-1,3-oxazolin-2-yl)-1-iodobenzene</subfield>
</datafield>
<datafield tag="700" ind1="0" ind2=" ">
    <subfield code="a">Frank Hoffmann</subfield>
</datafield>
<datafield tag="700" ind1="0" ind2=" ">
    <subfield code="a">Michael Fröba</subfield>
</datafield>
</record>