
<record>
<leader>     nab a22     uu 4500</leader>
<controlfield tag="001">39414f0a1a6044de84b1fb8b9f2746ad</controlfield>
<datafield tag="022" ind1=" " ind2=" ">
    <subfield code="a">2056-9890</subfield>
</datafield>
<datafield tag="024" ind1="7" ind2=" ">
        <subfield code="a">10.1107/S205698901501539X</subfield>
        <subfield code="2">doi</subfield>
    </datafield>
<datafield tag="100" ind1="0" ind2=" ">
    <subfield code="a">Ailing Guo</subfield>
</datafield>
<datafield tag="245" ind1="0" ind2="0">
    <subfield code="a">A new polymorph of 1-({[1,3-dihydroxy-2-(hydroxymethyl)propan-2-yl]iminio}methyl)naphthalen-2-olate</subfield>
</datafield>
<datafield tag="700" ind1="0" ind2=" ">
    <subfield code="a">Shurong Zhang</subfield>
</datafield>
<datafield tag="700" ind1="0" ind2=" ">
    <subfield code="a">Kun Wang</subfield>
</datafield>
<datafield tag="700" ind1="0" ind2=" ">
    <subfield code="a">Ruitao Zhu</subfield>
</datafield>
</record>