
<record>
<leader>     nab a22     uu 4500</leader>
<controlfield tag="001">5551cda0d12240ad909dce972cb5682c</controlfield>
<datafield tag="022" ind1=" " ind2=" ">
    <subfield code="a">2056-9890</subfield>
</datafield>
<datafield tag="024" ind1="7" ind2=" ">
        <subfield code="a">10.1107/S2056989015015789</subfield>
        <subfield code="2">doi</subfield>
    </datafield>
<datafield tag="100" ind1="0" ind2=" ">
    <subfield code="a">Yukio Morimoto</subfield>
</datafield>
<datafield tag="245" ind1="0" ind2="0">
    <subfield code="a">Crystal structure of (2-{[3,5-bis(1,1-dimethylethyl)-4-hydroxyphenyl](5-methyl-2H-pyrrol-2-ylidene)methyl}-5-methyl-1H-pyrrolido-κ2N,N′)difluoridoboron</subfield>
</datafield>
<datafield tag="700" ind1="0" ind2=" ">
    <subfield code="a">Keizo Ogawa</subfield>
</datafield>
<datafield tag="700" ind1="0" ind2=" ">
    <subfield code="a">Yoshihiro Uto</subfield>
</datafield>
<datafield tag="700" ind1="0" ind2=" ">
    <subfield code="a">Hideko Nagasawa</subfield>
</datafield>
<datafield tag="700" ind1="0" ind2=" ">
    <subfield code="a">Hitoshi Hori</subfield>
</datafield>
</record>