
<record>
<leader>     nab a22     uu 4500</leader>
<controlfield tag="001">24967025aec94cfdb7fe49f611f6d885</controlfield>
<datafield tag="022" ind1=" " ind2=" ">
    <subfield code="a">2056-9890</subfield>
</datafield>
<datafield tag="024" ind1="7" ind2=" ">
        <subfield code="a">10.1107/S2056989015014425</subfield>
        <subfield code="2">doi</subfield>
    </datafield>
<datafield tag="100" ind1="0" ind2=" ">
    <subfield code="a">Chandra</subfield>
</datafield>
<datafield tag="245" ind1="0" ind2="0">
    <subfield code="a">Crystal structure of 10-[(3-oxo-3H-benzo[f]chromen-1-yl)methyl]-2-trifluoromethyl-9a,10-dihydrobenz[4,5]imidazo[1,2-a]pyrimidin-4(5aH)-one</subfield>
</datafield>
<datafield tag="700" ind1="0" ind2=" ">
    <subfield code="a">Shamantha Kumar.</subfield>
</datafield>
<datafield tag="700" ind1="0" ind2=" ">
    <subfield code="a">K. B. Puttaraju</subfield>
</datafield>
<datafield tag="700" ind1="0" ind2=" ">
    <subfield code="a">K. Shivashankar</subfield>
</datafield>
<datafield tag="700" ind1="0" ind2=" ">
    <subfield code="a">M. Mahendra</subfield>
</datafield>
</record>