
<record>
<leader>     nab a22     uu 4500</leader>
<controlfield tag="001">0f5808f82c2746e489ab9bea2e639d73</controlfield>
<datafield tag="022" ind1=" " ind2=" ">
    <subfield code="a">2056-9890</subfield>
</datafield>
<datafield tag="024" ind1="7" ind2=" ">
        <subfield code="a">10.1107/S2056989015014887</subfield>
        <subfield code="2">doi</subfield>
    </datafield>
<datafield tag="100" ind1="0" ind2=" ">
    <subfield code="a">V. Rajni Swamy</subfield>
</datafield>
<datafield tag="245" ind1="0" ind2="0">
    <subfield code="a">Crystal structure of 5-benzoyl-2,4-diphenyl-4,5-dihydrofuran-3-carbonitrile</subfield>
</datafield>
<datafield tag="700" ind1="0" ind2=" ">
    <subfield code="a">R.V. Krishnakumar</subfield>
</datafield>
<datafield tag="700" ind1="0" ind2=" ">
    <subfield code="a">S. Sivakumar</subfield>
</datafield>
<datafield tag="700" ind1="0" ind2=" ">
    <subfield code="a">N. Srinivasan</subfield>
</datafield>
<datafield tag="700" ind1="0" ind2=" ">
    <subfield code="a">R. Ranjith Kumar</subfield>
</datafield>
</record>