
<record>
<leader>     nab a22     uu 4500</leader>
<controlfield tag="001">3862535cd719460eb96a412d0b147f66</controlfield>
<datafield tag="022" ind1=" " ind2=" ">
    <subfield code="a">2056-9890</subfield>
</datafield>
<datafield tag="024" ind1="7" ind2=" ">
        <subfield code="a">10.1107/S2056989015015029</subfield>
        <subfield code="2">doi</subfield>
    </datafield>
<datafield tag="100" ind1="0" ind2=" ">
    <subfield code="a">Daniel A. Decato</subfield>
</datafield>
<datafield tag="245" ind1="0" ind2="0">
    <subfield code="a">Crystal structure of [1,1′:3′,1′′-terphenyl]-2′,3,3′′-tricarboxylic acid</subfield>
</datafield>
<datafield tag="700" ind1="0" ind2=" ">
    <subfield code="a">Orion B. Berryman</subfield>
</datafield>
</record>