
<record>
<leader>     nab a22     uu 4500</leader>
<controlfield tag="001">60419025161b41b49c6c10ed924e2bec</controlfield>
<datafield tag="022" ind1=" " ind2=" ">
    <subfield code="a">2056-9890</subfield>
</datafield>
<datafield tag="024" ind1="7" ind2=" ">
        <subfield code="a">10.1107/S205698901501484X</subfield>
        <subfield code="2">doi</subfield>
    </datafield>
<datafield tag="100" ind1="0" ind2=" ">
    <subfield code="a">M. Lydia Caroline</subfield>
</datafield>
<datafield tag="245" ind1="0" ind2="0">
    <subfield code="a">Crystal structure of l-tryptophan–fumaric acid–water (1/1/1)</subfield>
</datafield>
<datafield tag="700" ind1="0" ind2=" ">
    <subfield code="a">S. Kumaresan</subfield>
</datafield>
<datafield tag="700" ind1="0" ind2=" ">
    <subfield code="a">P. G. Aravindan</subfield>
</datafield>
<datafield tag="700" ind1="0" ind2=" ">
    <subfield code="a">M. Peer Mohamed</subfield>
</datafield>
<datafield tag="700" ind1="0" ind2=" ">
    <subfield code="a">G. Mani</subfield>
</datafield>
</record>