
<record>
<leader>     nab a22     uu 4500</leader>
<controlfield tag="001">939ef6081e1c4c3e8bc8f7477c25aea2</controlfield>
<datafield tag="022" ind1=" " ind2=" ">
    <subfield code="a">2056-9890</subfield>
</datafield>
<datafield tag="024" ind1="7" ind2=" ">
        <subfield code="a">10.1107/S2056989015014644</subfield>
        <subfield code="2">doi</subfield>
    </datafield>
<datafield tag="100" ind1="0" ind2=" ">
    <subfield code="a">Yoshinobu Ishikawa</subfield>
</datafield>
<datafield tag="245" ind1="0" ind2="0">
    <subfield code="a">Crystal structure of 6,7-dichloro-4-oxo-4H-chromene-3-carbaldehyde</subfield>
</datafield>
</record>