
<record>
<leader>     nab a22     uu 4500</leader>
<controlfield tag="001">faccc32c77fe480dab502986a1eddb4c</controlfield>
<datafield tag="022" ind1=" " ind2=" ">
    <subfield code="a">2056-9890</subfield>
</datafield>
<datafield tag="024" ind1="7" ind2=" ">
        <subfield code="a">10.1107/S2056989015014796</subfield>
        <subfield code="2">doi</subfield>
    </datafield>
<datafield tag="100" ind1="0" ind2=" ">
    <subfield code="a">N. Jeeva Jasmine</subfield>
</datafield>
<datafield tag="245" ind1="0" ind2="0">
    <subfield code="a">Crystal structure of 2-aminopyridinium 6-chloronicotinate</subfield>
</datafield>
<datafield tag="700" ind1="0" ind2=" ">
    <subfield code="a">A. Rajam</subfield>
</datafield>
<datafield tag="700" ind1="0" ind2=" ">
    <subfield code="a">P. Thomas Muthiah</subfield>
</datafield>
<datafield tag="700" ind1="0" ind2=" ">
    <subfield code="a">N. Stanley</subfield>
</datafield>
<datafield tag="700" ind1="0" ind2=" ">
    <subfield code="a">I. Abdul Razak</subfield>
</datafield>
<datafield tag="700" ind1="0" ind2=" ">
    <subfield code="a">M. Mustaqim Rosli</subfield>
</datafield>
</record>