
<record>
<leader>     nab a22     uu 4500</leader>
<controlfield tag="001">e201597a204b457bb146cbcfda7e850b</controlfield>
<datafield tag="022" ind1=" " ind2=" ">
    <subfield code="a">2056-9890</subfield>
</datafield>
<datafield tag="024" ind1="7" ind2=" ">
        <subfield code="a">10.1107/S2056989015014498</subfield>
        <subfield code="2">doi</subfield>
    </datafield>
<datafield tag="100" ind1="0" ind2=" ">
    <subfield code="a">M. Chandrarekha</subfield>
</datafield>
<datafield tag="245" ind1="0" ind2="0">
    <subfield code="a">Redetermined crystal structure of N-(β-carboxyethyl)-α-isoleucine</subfield>
</datafield>
<datafield tag="700" ind1="0" ind2=" ">
    <subfield code="a">N. Srinivasan</subfield>
</datafield>
<datafield tag="700" ind1="0" ind2=" ">
    <subfield code="a">R. V. Krishnakumar</subfield>
</datafield>
</record>