
<record>
<leader>     nab a22     uu 4500</leader>
<controlfield tag="001">d9bc14ed7b4e43cba075dca4a64d57e6</controlfield>
<datafield tag="022" ind1=" " ind2=" ">
    <subfield code="a">2056-9890</subfield>
</datafield>
<datafield tag="024" ind1="7" ind2=" ">
        <subfield code="a">10.1107/S2056989015013559</subfield>
        <subfield code="2">doi</subfield>
    </datafield>
<datafield tag="100" ind1="0" ind2=" ">
    <subfield code="a">Nadiah Ameram</subfield>
</datafield>
<datafield tag="245" ind1="0" ind2="0">
    <subfield code="a">Crystal structure of 2-methyl-N-{[2-(pyridin-2-yl)ethyl]carbamothioyl}benzamide</subfield>
</datafield>
<datafield tag="700" ind1="0" ind2=" ">
    <subfield code="a">Farook Adam</subfield>
</datafield>
</record>