
<record>
<leader>     nab a22     uu 4500</leader>
<controlfield tag="001">a6a0673520014d32b11f8b672a413521</controlfield>
<datafield tag="022" ind1=" " ind2=" ">
    <subfield code="a">2056-9890</subfield>
</datafield>
<datafield tag="024" ind1="7" ind2=" ">
        <subfield code="a">10.1107/S2056989015014231</subfield>
        <subfield code="2">doi</subfield>
    </datafield>
<datafield tag="100" ind1="0" ind2=" ">
    <subfield code="a">Dennis Awasabisah</subfield>
</datafield>
<datafield tag="245" ind1="0" ind2="0">
    <subfield code="a">Crystal structure of N-(2-{[2,6-bis(2,2,2-trifluoroacetamido)phenyl]disulfanyl}-3-(2,2,2-trifluoroacetamido)phenyl)-2,2,2-trifluoroacetamide</subfield>
</datafield>
<datafield tag="700" ind1="0" ind2=" ">
    <subfield code="a">Douglas R. Powell</subfield>
</datafield>
<datafield tag="700" ind1="0" ind2=" ">
    <subfield code="a">George B. Richter-Addo</subfield>
</datafield>
</record>