
<record>
<leader>     nab a22     uu 4500</leader>
<controlfield tag="001">6f72bb534ec34ace89f3248506acce22</controlfield>
<datafield tag="022" ind1=" " ind2=" ">
    <subfield code="a">2056-9890</subfield>
</datafield>
<datafield tag="024" ind1="7" ind2=" ">
        <subfield code="a">10.1107/S2056989015015790</subfield>
        <subfield code="2">doi</subfield>
    </datafield>
<datafield tag="100" ind1="0" ind2=" ">
    <subfield code="a">Md. Serajul Haque Faizi</subfield>
</datafield>
<datafield tag="245" ind1="0" ind2="0">
    <subfield code="a">Crystal structure of di-μ-chlorido-bis(chlorido{N1-phenyl-N4-[(pyridin-2-yl-κN)methylidene]benzene-1,4-diamine-κN4}mercury(II))</subfield>
</datafield>
<datafield tag="700" ind1="0" ind2=" ">
    <subfield code="a">Elena V. Prisyazhnaya</subfield>
</datafield>
</record>