
<record>
<leader>     nab a22     uu 4500</leader>
<controlfield tag="001">ca0ac129c6f4437dbdf17c2facad48ab</controlfield>
<datafield tag="022" ind1=" " ind2=" ">
    <subfield code="a">2056-9890</subfield>
</datafield>
<datafield tag="024" ind1="7" ind2=" ">
        <subfield code="a">10.1107/S2056989015014255</subfield>
        <subfield code="2">doi</subfield>
    </datafield>
<datafield tag="100" ind1="0" ind2=" ">
    <subfield code="a">Guo-Wang Xu</subfield>
</datafield>
<datafield tag="245" ind1="0" ind2="0">
    <subfield code="a">Crystal structure of catena-poly[bis(formato-κO)bis[μ2-1,1′-(1,4-phenylene)bis(1H-imidazole)-κ2N3:N3′]cobalt(II)]</subfield>
</datafield>
<datafield tag="700" ind1="0" ind2=" ">
    <subfield code="a">Ye-Nan Wang</subfield>
</datafield>
<datafield tag="700" ind1="0" ind2=" ">
    <subfield code="a">Hong-Xu Xia</subfield>
</datafield>
<datafield tag="700" ind1="0" ind2=" ">
    <subfield code="a">Zhong-Long Wang</subfield>
</datafield>
</record>