
<record>
<leader>     nab a22     uu 4500</leader>
<controlfield tag="001">a2ffbfadcac245769c846c26804ff0f7</controlfield>
<datafield tag="022" ind1=" " ind2=" ">
    <subfield code="a">2056-9890</subfield>
</datafield>
<datafield tag="024" ind1="7" ind2=" ">
        <subfield code="a">10.1107/S2056989015014619</subfield>
        <subfield code="2">doi</subfield>
    </datafield>
<datafield tag="100" ind1="0" ind2=" ">
    <subfield code="a">Siddhartha S. Baisya</subfield>
</datafield>
<datafield tag="245" ind1="0" ind2="0">
    <subfield code="a">Crystal structure of (2-amino-7-methyl-4-oxidopteridine-6-carboxylato-κ3O4,N5,O6)aqua(1,10-phenanthroline-κ2N,N′)zinc trihydrate</subfield>
</datafield>
<datafield tag="700" ind1="0" ind2=" ">
    <subfield code="a">Baidyanath Ghosh</subfield>
</datafield>
<datafield tag="700" ind1="0" ind2=" ">
    <subfield code="a">Parag S. Roy</subfield>
</datafield>
</record>