
<record>
<leader>     nab a22     uu 4500</leader>
<controlfield tag="001">e8eeab1bb0e54c0c9c51f8377fb78127</controlfield>
<datafield tag="022" ind1=" " ind2=" ">
    <subfield code="a">2056-9890</subfield>
</datafield>
<datafield tag="024" ind1="7" ind2=" ">
        <subfield code="a">10.1107/S2056989015015303</subfield>
        <subfield code="2">doi</subfield>
    </datafield>
<datafield tag="100" ind1="0" ind2=" ">
    <subfield code="a">Namhun Kim</subfield>
</datafield>
<datafield tag="245" ind1="0" ind2="0">
    <subfield code="a">Crystal structure of bis[2-(benzothiazol-2-yl)phenolato-κ2N,O]copper(II)</subfield>
</datafield>
<datafield tag="700" ind1="0" ind2=" ">
    <subfield code="a">Sung Kwon Kang</subfield>
</datafield>
</record>