
<record>
<leader>     nab a22     uu 4500</leader>
<controlfield tag="001">896c8fc6b4224dbbb67f1ddff12f9823</controlfield>
<datafield tag="022" ind1=" " ind2=" ">
    <subfield code="a">2056-9890</subfield>
</datafield>
<datafield tag="024" ind1="7" ind2=" ">
        <subfield code="a">10.1107/S2056989015014851</subfield>
        <subfield code="2">doi</subfield>
    </datafield>
<datafield tag="100" ind1="0" ind2=" ">
    <subfield code="a">Alfredo Peñaloza</subfield>
</datafield>
<datafield tag="245" ind1="0" ind2="0">
    <subfield code="a">Crystal structure of [N,N′-bis(4-methylphenyl)-1,2-diphenylethane-1,2-diimine-κ2N,N′]dichloridopalladium(II) methanol monosolvate</subfield>
</datafield>
<datafield tag="700" ind1="0" ind2=" ">
    <subfield code="a">Frank R. Fronczek</subfield>
</datafield>
<datafield tag="700" ind1="0" ind2=" ">
    <subfield code="a">Ralph Isovitsch</subfield>
</datafield>
</record>