
<record>
<leader>     nab a22     uu 4500</leader>
<controlfield tag="001">d20cec1d20534966acf28a0d5af85de0</controlfield>
<datafield tag="022" ind1=" " ind2=" ">
    <subfield code="a">2056-9890</subfield>
</datafield>
<datafield tag="024" ind1="7" ind2=" ">
        <subfield code="a">10.1107/S2056989015014875</subfield>
        <subfield code="2">doi</subfield>
    </datafield>
<datafield tag="100" ind1="0" ind2=" ">
    <subfield code="a">Kasey Trotter</subfield>
</datafield>
<datafield tag="245" ind1="0" ind2="0">
    <subfield code="a">Crystal structure of cis,fac-{N,N-bis[(pyridin-2-yl)methyl]methylamine-κ3N,N′,N′′}dichlorido(dimethyl sulfoxide-κS)ruthenium(II)</subfield>
</datafield>
<datafield tag="700" ind1="0" ind2=" ">
    <subfield code="a">Navamoney Arulsamy</subfield>
</datafield>
<datafield tag="700" ind1="0" ind2=" ">
    <subfield code="a">Elliott Hulley</subfield>
</datafield>
</record>