
<record>
<leader>     nab a22     uu 4500</leader>
<controlfield tag="001">2d4ff884b1c344c29f5f786d22392a29</controlfield>
<datafield tag="022" ind1=" " ind2=" ">
    <subfield code="a">2056-9890</subfield>
</datafield>
<datafield tag="024" ind1="7" ind2=" ">
        <subfield code="a">10.1107/S2056989015014334</subfield>
        <subfield code="2">doi</subfield>
    </datafield>
<datafield tag="100" ind1="0" ind2=" ">
    <subfield code="a">Julia A. Edwards</subfield>
</datafield>
<datafield tag="245" ind1="0" ind2="0">
    <subfield code="a">Crystal structure of octa-μ3-selenido-(p-toluenesulfonato-κO)pentakis(triethylphosphane-κP)-octahedro-hexarhenium(III) p-toluenesulfonate dichloromethane disolvate</subfield>
</datafield>
<datafield tag="700" ind1="0" ind2=" ">
    <subfield code="a">Robert McDonald</subfield>
</datafield>
<datafield tag="700" ind1="0" ind2=" ">
    <subfield code="a">Lisa F. Szczepura</subfield>
</datafield>
</record>