
<record>
<leader>     nab a22     uu 4500</leader>
<controlfield tag="001">3a14d86c270a47a0ba26a39421d14774</controlfield>
<datafield tag="022" ind1=" " ind2=" ">
    <subfield code="a">2056-9890</subfield>
</datafield>
<datafield tag="024" ind1="7" ind2=" ">
        <subfield code="a">10.1107/S2056989015015194</subfield>
        <subfield code="2">doi</subfield>
    </datafield>
<datafield tag="100" ind1="0" ind2=" ">
    <subfield code="a">Luis Manuel Tobón-Trujillo</subfield>
</datafield>
<datafield tag="245" ind1="0" ind2="0">
    <subfield code="a">Crystal structure of bis(μ2-tetrabromophthalato-κ2O1:O2)bis[aqua(N,N,N′,N′-tetramethylethane-1,2-diamine-κ2N,N′)copper(II)]</subfield>
</datafield>
<datafield tag="700" ind1="0" ind2=" ">
    <subfield code="a">Luis Felipe Villanueva-Sánchez</subfield>
</datafield>
<datafield tag="700" ind1="0" ind2=" ">
    <subfield code="a">Diego Martínez-Otero</subfield>
</datafield>
<datafield tag="700" ind1="0" ind2=" ">
    <subfield code="a">Alejandro Dorazco-González</subfield>
</datafield>
</record>