
<record>
<leader>     nab a22     uu 4500</leader>
<controlfield tag="001">a87fe5e61a714e4aa8873b4fa33f7d78</controlfield>
<datafield tag="022" ind1=" " ind2=" ">
    <subfield code="a">2056-9890</subfield>
</datafield>
<datafield tag="024" ind1="7" ind2=" ">
        <subfield code="a">10.1107/S2056989015015637</subfield>
        <subfield code="2">doi</subfield>
    </datafield>
<datafield tag="100" ind1="0" ind2=" ">
    <subfield code="a">Mareeya Hemman</subfield>
</datafield>
<datafield tag="245" ind1="0" ind2="0">
    <subfield code="a">Crystal structure of (μ-N-allylthiourea-κ2S:S)bis[μ-bis(diphenylphosphanyl)methane-κ2P:P′]bis[bromidocopper(I)] acetonitrile disolvate</subfield>
</datafield>
<datafield tag="700" ind1="0" ind2=" ">
    <subfield code="a">Chaveng Pakawatchai</subfield>
</datafield>
<datafield tag="700" ind1="0" ind2=" ">
    <subfield code="a">Jaursup Boonmak</subfield>
</datafield>
<datafield tag="700" ind1="0" ind2=" ">
    <subfield code="a">Sujittra Youngme</subfield>
</datafield>
<datafield tag="700" ind1="0" ind2=" ">
    <subfield code="a">Saowanit Saithong</subfield>
</datafield>
</record>