
<record>
<leader>     nab a22     uu 4500</leader>
<controlfield tag="001">887fa78056c8402886ce47306866298b</controlfield>
<datafield tag="022" ind1=" " ind2=" ">
    <subfield code="a">2056-9890</subfield>
</datafield>
<datafield tag="024" ind1="7" ind2=" ">
        <subfield code="a">10.1107/S2056989015014176</subfield>
        <subfield code="2">doi</subfield>
    </datafield>
<datafield tag="100" ind1="0" ind2=" ">
    <subfield code="a">Ladawan Khongsichan</subfield>
</datafield>
<datafield tag="245" ind1="0" ind2="0">
    <subfield code="a">Crystal structure of bis[μ-1,2-bis(diphenylphosphanyl)ethane-κ2P:P′]bis[(N,N′-diethylthiourea-κS)iodidocopper(I)]</subfield>
</datafield>
<datafield tag="700" ind1="0" ind2=" ">
    <subfield code="a">Arunpatcha Nimthong-Roldán</subfield>
</datafield>
<datafield tag="700" ind1="0" ind2=" ">
    <subfield code="a">Chaveng Pakawatchai</subfield>
</datafield>
<datafield tag="700" ind1="0" ind2=" ">
    <subfield code="a">Sumpun Wongnawa</subfield>
</datafield>
</record>