
<record>
<leader>     nab a22     uu 4500</leader>
<controlfield tag="001">979a3f2758154c9b8639d13deebd95f7</controlfield>
<datafield tag="022" ind1=" " ind2=" ">
    <subfield code="a">2056-9890</subfield>
</datafield>
<datafield tag="024" ind1="7" ind2=" ">
        <subfield code="a">10.1107/S2056989015014723</subfield>
        <subfield code="2">doi</subfield>
    </datafield>
<datafield tag="100" ind1="0" ind2=" ">
    <subfield code="a">Bryan Brautigam</subfield>
</datafield>
<datafield tag="245" ind1="0" ind2="0">
    <subfield code="a">Crystal structure of an unknown solvate of {2,2′-[ethane-1,2-diylbis(nitrilomethanylylidene)]diphenolato-κ4O,N,N′,O′}(N-ferrocenylisonicotinamide-κN1)cobalt(II): a CoII–salen complex that forms hydrogen-bonded dimers</subfield>
</datafield>
<datafield tag="700" ind1="0" ind2=" ">
    <subfield code="a">Chelsea Herholdt</subfield>
</datafield>
<datafield tag="700" ind1="0" ind2=" ">
    <subfield code="a">William Farnsworth</subfield>
</datafield>
<datafield tag="700" ind1="0" ind2=" ">
    <subfield code="a">Ellen Brudi</subfield>
</datafield>
<datafield tag="700" ind1="0" ind2=" ">
    <subfield code="a">Eric McDonald</subfield>
</datafield>
<datafield tag="700" ind1="0" ind2=" ">
    <subfield code="a">Guang Wu</subfield>
</datafield>
<datafield tag="700" ind1="0" ind2=" ">
    <subfield code="a">Stephen Contakes</subfield>
</datafield>
</record>