
<record>
<leader>     nab a22     uu 4500</leader>
<controlfield tag="001">020e89059e054098be7a29b55a6c0fb3</controlfield>
<datafield tag="022" ind1=" " ind2=" ">
    <subfield code="a">2056-9890</subfield>
</datafield>
<datafield tag="024" ind1="7" ind2=" ">
        <subfield code="a">10.1107/S2056989015015662</subfield>
        <subfield code="2">doi</subfield>
    </datafield>
<datafield tag="100" ind1="0" ind2=" ">
    <subfield code="a">Hai Le Thi Hong</subfield>
</datafield>
<datafield tag="245" ind1="0" ind2="0">
    <subfield code="a">Crystal structure of hexaaquanickel(II) bis{2-[(5,6-dihydroxy-3-sulfonatoquinolin-1-ium-7-yl)oxy]acetate} dihydrate</subfield>
</datafield>
<datafield tag="700" ind1="0" ind2=" ">
    <subfield code="a">Vinh Nguyen Thi Ngoc</subfield>
</datafield>
<datafield tag="700" ind1="0" ind2=" ">
    <subfield code="a">Da Tran Thi</subfield>
</datafield>
<datafield tag="700" ind1="0" ind2=" ">
    <subfield code="a">Ngan Nguyen Bich</subfield>
</datafield>
<datafield tag="700" ind1="0" ind2=" ">
    <subfield code="a">Luc Van Meervelt</subfield>
</datafield>
</record>