
<record>
<leader>     nab a22     uu 4500</leader>
<controlfield tag="001">17579058dbd544c0a3b5b546485a08a7</controlfield>
<datafield tag="022" ind1=" " ind2=" ">
    <subfield code="a">2056-9890</subfield>
</datafield>
<datafield tag="024" ind1="7" ind2=" ">
        <subfield code="a">10.1107/S2056989015015601</subfield>
        <subfield code="2">doi</subfield>
    </datafield>
<datafield tag="100" ind1="0" ind2=" ">
    <subfield code="a">Julia A. Rusanova</subfield>
</datafield>
<datafield tag="245" ind1="0" ind2="0">
    <subfield code="a">Crystal structure of aqua-1κO-{μ-2-[(2-hydroxyethyl)methylamino]ethanolato-2:1κ4O1,N,O2:O1}[μ-2,2′-(methylimino)diethanolato-1:2κ4O,N,O′:O]dithiocyanato-1κN,2κN-chromium(III)copper(II)</subfield>
</datafield>
<datafield tag="700" ind1="0" ind2=" ">
    <subfield code="a">Valentina V. Semenaka</subfield>
</datafield>
<datafield tag="700" ind1="0" ind2=" ">
    <subfield code="a">Viktoriya V. Dyakonenko</subfield>
</datafield>
<datafield tag="700" ind1="0" ind2=" ">
    <subfield code="a">Oleg V. Shishkin</subfield>
</datafield>
</record>