
<record>
<leader>     nab a22     uu 4500</leader>
<controlfield tag="001">51150271bd6e43a6a4b9e3bcfe5a655f</controlfield>
<datafield tag="022" ind1=" " ind2=" ">
    <subfield code="a">2056-9890</subfield>
</datafield>
<datafield tag="024" ind1="7" ind2=" ">
        <subfield code="a">10.1107/S2056989015015248</subfield>
        <subfield code="2">doi</subfield>
    </datafield>
<datafield tag="100" ind1="0" ind2=" ">
    <subfield code="a">S. Sreenivasa</subfield>
</datafield>
<datafield tag="245" ind1="0" ind2="0">
    <subfield code="a">Crystal structures of three N-aryl-2,2,2-tribromoacetamides</subfield>
</datafield>
<datafield tag="700" ind1="0" ind2=" ">
    <subfield code="a">S. Naveen</subfield>
</datafield>
<datafield tag="700" ind1="0" ind2=" ">
    <subfield code="a">N. K. Lokanath</subfield>
</datafield>
<datafield tag="700" ind1="0" ind2=" ">
    <subfield code="a">G. M. Supriya</subfield>
</datafield>
<datafield tag="700" ind1="0" ind2=" ">
    <subfield code="a">H. N. Lakshmikantha</subfield>
</datafield>
<datafield tag="700" ind1="0" ind2=" ">
    <subfield code="a">P. A. Suchetan</subfield>
</datafield>
</record>