
<record>
<leader>     nab a22     uu 4500</leader>
<controlfield tag="001">2c287848f3ac4b37b164fc1d1bda33a6</controlfield>
<datafield tag="022" ind1=" " ind2=" ">
    <subfield code="a">2056-9890</subfield>
</datafield>
<datafield tag="024" ind1="7" ind2=" ">
        <subfield code="a">10.1107/S2056989015015212</subfield>
        <subfield code="2">doi</subfield>
    </datafield>
<datafield tag="100" ind1="0" ind2=" ">
    <subfield code="a">Dohyun Moon</subfield>
</datafield>
<datafield tag="245" ind1="0" ind2="0">
    <subfield code="a">Crystal structure of cis-aquachlorido(rac-5,5,7,12,12,14-hexamethyl-1,4,8,11-tetraazacyclotetradecane-κ4N)chromium(III) tetrachloridozincate trihydrate from synchrotron data</subfield>
</datafield>
<datafield tag="700" ind1="0" ind2=" ">
    <subfield code="a">Jong-Ha Choi</subfield>
</datafield>
</record>