
<record>
<leader>     nab a22     uu 4500</leader>
<controlfield tag="001">f295af12c0f5402e91bb3d76ad19c570</controlfield>
<datafield tag="022" ind1=" " ind2=" ">
    <subfield code="a">2056-9890</subfield>
</datafield>
<datafield tag="024" ind1="7" ind2=" ">
        <subfield code="a">10.1107/S205698901501556X</subfield>
        <subfield code="2">doi</subfield>
    </datafield>
<datafield tag="100" ind1="0" ind2=" ">
    <subfield code="a">Kittipong Chainok</subfield>
</datafield>
<datafield tag="245" ind1="0" ind2="0">
    <subfield code="a">Crystal structure of trans-bis{4-bromo-N-[(pyridin-2-yl)methylidene]aniline-κ2N,N′}dichloridoruthenium(II)</subfield>
</datafield>
<datafield tag="700" ind1="0" ind2=" ">
    <subfield code="a">Filip Kielar</subfield>
</datafield>
</record>