
<record>
<leader>     nab a22     uu 4500</leader>
<controlfield tag="001">20bab31d50b244bba423573cd4378aee</controlfield>
<datafield tag="022" ind1=" " ind2=" ">
    <subfield code="a">2056-9890</subfield>
</datafield>
<datafield tag="024" ind1="7" ind2=" ">
        <subfield code="a">10.1107/S2056989015015480</subfield>
        <subfield code="2">doi</subfield>
    </datafield>
<datafield tag="100" ind1="0" ind2=" ">
    <subfield code="a">Claudia C. Gatto</subfield>
</datafield>
<datafield tag="245" ind1="0" ind2="0">
    <subfield code="a">Crystal structure of chlorido(2-{[2-(phenylcarbamothioyl)hydrazin-1-ylidene](pyridin-2-yl)methyl}pyridin-1-ium)gold(I) chloride sesquihydrate</subfield>
</datafield>
<datafield tag="700" ind1="0" ind2=" ">
    <subfield code="a">Iariane J. Lima</subfield>
</datafield>
</record>