
<record>
<leader>     nab a22     uu 4500</leader>
<controlfield tag="001">6d092afb202842c9bfc99f93f180542c</controlfield>
<datafield tag="022" ind1=" " ind2=" ">
    <subfield code="a">2056-9890</subfield>
</datafield>
<datafield tag="024" ind1="7" ind2=" ">
        <subfield code="a">10.1107/S2056989015014991</subfield>
        <subfield code="2">doi</subfield>
    </datafield>
<datafield tag="100" ind1="0" ind2=" ">
    <subfield code="a">Senem Çolak</subfield>
</datafield>
<datafield tag="245" ind1="0" ind2="0">
    <subfield code="a">Crystal structure of 4-(3,4-dicyanophenoxy)-N-[3-(dimethylamino)propyl]benzamide monohydrate: a phenoxyphthalonitrile derivative</subfield>
</datafield>
<datafield tag="700" ind1="0" ind2=" ">
    <subfield code="a">Salih Zeki Yıldız</subfield>
</datafield>
<datafield tag="700" ind1="0" ind2=" ">
    <subfield code="a">Nagihan Çaylak Delibaş</subfield>
</datafield>
<datafield tag="700" ind1="0" ind2=" ">
    <subfield code="a">Hasan Pişkin</subfield>
</datafield>
<datafield tag="700" ind1="0" ind2=" ">
    <subfield code="a">Tuncer Hökelek</subfield>
</datafield>
</record>