
<record>
<leader>     nab a22     uu 4500</leader>
<controlfield tag="001">e31ff855b6ff4844977345e499efb5bf</controlfield>
<datafield tag="022" ind1=" " ind2=" ">
    <subfield code="a">2056-9890</subfield>
</datafield>
<datafield tag="024" ind1="7" ind2=" ">
        <subfield code="a">10.1107/S2056989015014917</subfield>
        <subfield code="2">doi</subfield>
    </datafield>
<datafield tag="100" ind1="0" ind2=" ">
    <subfield code="a">S. Gopinath</subfield>
</datafield>
<datafield tag="245" ind1="0" ind2="0">
    <subfield code="a">Crystal structures of three indole derivatives: 3-ethnyl-2-methyl-1-phenylsulfonyl-1H-indole, 4-phenylsulfonyl-3H,4H-cyclopenta[b]indol-1(2H)-one and 1-{2-[(E)-2-(5-chloro-2-nitrophenyl)ethenyl]-1-phenylsulfonyl-1H-indol-3-yl}ethan-1-one chloroform monosolvate</subfield>
</datafield>
<datafield tag="700" ind1="0" ind2=" ">
    <subfield code="a">K. Sethusankar</subfield>
</datafield>
<datafield tag="700" ind1="0" ind2=" ">
    <subfield code="a">Bose Muthu Ramalingam</subfield>
</datafield>
<datafield tag="700" ind1="0" ind2=" ">
    <subfield code="a">Arasambattu K. Mohanakrishnan</subfield>
</datafield>
</record>