
<record>
<leader>     nab a22     uu 4500</leader>
<controlfield tag="001">03a061cc2f374f0898f93448027679d8</controlfield>
<datafield tag="022" ind1=" " ind2=" ">
    <subfield code="a">2056-9890</subfield>
</datafield>
<datafield tag="024" ind1="7" ind2=" ">
        <subfield code="a">10.1107/S2056989015014383</subfield>
        <subfield code="2">doi</subfield>
    </datafield>
<datafield tag="100" ind1="0" ind2=" ">
    <subfield code="a">Esra Turan Akın</subfield>
</datafield>
<datafield tag="245" ind1="0" ind2="0">
    <subfield code="a">Crystal structure of 6,6,12,12-tetrachlorotricyclo[8.2.0.04,7]dodecane-5,11-dione</subfield>
</datafield>
<datafield tag="700" ind1="0" ind2=" ">
    <subfield code="a">Tuncer Hökelek</subfield>
</datafield>
</record>