
<record>
<leader>     nab a22     uu 4500</leader>
<controlfield tag="001">a45a11211b634dc0bd618f502b96b0dc</controlfield>
<datafield tag="022" ind1=" " ind2=" ">
    <subfield code="a">2056-9890</subfield>
</datafield>
<datafield tag="024" ind1="7" ind2=" ">
        <subfield code="a">10.1107/S2056989015014437</subfield>
        <subfield code="2">doi</subfield>
    </datafield>
<datafield tag="100" ind1="0" ind2=" ">
    <subfield code="a">Kamel Ouari</subfield>
</datafield>
<datafield tag="245" ind1="0" ind2="0">
    <subfield code="a">Crystal structure of 1,1′-{(pentane-1,5-diyl)bis[(azaniumylylidene)methanylylidene]}bis(naphthalen-2-olate)</subfield>
</datafield>
<datafield tag="700" ind1="0" ind2=" ">
    <subfield code="a">Moufida Merzougui</subfield>
</datafield>
<datafield tag="700" ind1="0" ind2=" ">
    <subfield code="a">Lydia Karmazin</subfield>
</datafield>
</record>