
<record>
<leader>     nab a22     uu 4500</leader>
<controlfield tag="001">c32d3ebdf5ef44269dd490cf3c063b7d</controlfield>
<datafield tag="022" ind1=" " ind2=" ">
    <subfield code="a">2056-9890</subfield>
</datafield>
<datafield tag="024" ind1="7" ind2=" ">
        <subfield code="a">10.1107/S2056989015014280</subfield>
        <subfield code="2">doi</subfield>
    </datafield>
<datafield tag="100" ind1="0" ind2=" ">
    <subfield code="a">Norzianah Shamsudin</subfield>
</datafield>
<datafield tag="245" ind1="0" ind2="0">
    <subfield code="a">Crystal structure of bis[(phenylmethanamine-κN)(phthalocyaninato-κ4N)zinc] phenylmethanamine trisolvate</subfield>
</datafield>
<datafield tag="700" ind1="0" ind2=" ">
    <subfield code="a">Ai Ling Tan</subfield>
</datafield>
<datafield tag="700" ind1="0" ind2=" ">
    <subfield code="a">Franz L. Wimmer</subfield>
</datafield>
<datafield tag="700" ind1="0" ind2=" ">
    <subfield code="a">David J. Young</subfield>
</datafield>
<datafield tag="700" ind1="0" ind2=" ">
    <subfield code="a">Edward R. T. Tiekink</subfield>
</datafield>
</record>