
<record>
<leader>     nab a22     uu 4500</leader>
<controlfield tag="001">7c2a70a1bc674af6aa397034480e10de</controlfield>
<datafield tag="022" ind1=" " ind2=" ">
    <subfield code="a">2056-9890</subfield>
</datafield>
<datafield tag="024" ind1="7" ind2=" ">
        <subfield code="a">10.1107/S2056989015014516</subfield>
        <subfield code="2">doi</subfield>
    </datafield>
<datafield tag="100" ind1="0" ind2=" ">
    <subfield code="a">Jin-Li Zhu</subfield>
</datafield>
<datafield tag="245" ind1="0" ind2="0">
    <subfield code="a">Crystal structure of poly[bis(μ-2-amino-4,5-dicyanoimidazolato-κ2N1:N3)-trans-bis(N,N′-dimethylformamide-κO)cadmium]</subfield>
</datafield>
<datafield tag="700" ind1="0" ind2=" ">
    <subfield code="a">Guo -Qing Jiang</subfield>
</datafield>
<datafield tag="700" ind1="0" ind2=" ">
    <subfield code="a">Xiao-Qing Guo</subfield>
</datafield>
<datafield tag="700" ind1="0" ind2=" ">
    <subfield code="a">Yan-Feng Tang</subfield>
</datafield>
<datafield tag="700" ind1="0" ind2=" ">
    <subfield code="a">Miao Wang</subfield>
</datafield>
</record>