
<record>
<leader>     nab a22     uu 4500</leader>
<controlfield tag="001">504271faef904eb299dc9378c7e01564</controlfield>
<datafield tag="022" ind1=" " ind2=" ">
    <subfield code="a">2056-9890</subfield>
</datafield>
<datafield tag="024" ind1="7" ind2=" ">
        <subfield code="a">10.1107/S2056989015013729</subfield>
        <subfield code="2">doi</subfield>
    </datafield>
<datafield tag="100" ind1="0" ind2=" ">
    <subfield code="a">Sreevidya Thekku Veedu</subfield>
</datafield>
<datafield tag="245" ind1="0" ind2="0">
    <subfield code="a">Crystal structure of trans-1-{2-[4-(dimethylamino)phenyl]ethyl}-4-[2-(pyren-1-yl)ethyl]cyclohexane</subfield>
</datafield>
<datafield tag="700" ind1="0" ind2=" ">
    <subfield code="a">Simone Techert</subfield>
</datafield>
</record>