
<record>
<leader>     nab a22     uu 4500</leader>
<controlfield tag="001">912cb1b6a3b44d31ae96afbe19c4f212</controlfield>
<datafield tag="022" ind1=" " ind2=" ">
    <subfield code="a">2056-9890</subfield>
</datafield>
<datafield tag="024" ind1="7" ind2=" ">
        <subfield code="a">10.1107/S2056989015013948</subfield>
        <subfield code="2">doi</subfield>
    </datafield>
<datafield tag="100" ind1="0" ind2=" ">
    <subfield code="a">Hong Dae Choi</subfield>
</datafield>
<datafield tag="245" ind1="0" ind2="0">
    <subfield code="a">Crystal structure of 5-chloro-2-(2-fluorophenyl)-3-methylsulfinyl-1-benzofuran</subfield>
</datafield>
<datafield tag="700" ind1="0" ind2=" ">
    <subfield code="a">Uk Lee</subfield>
</datafield>
</record>