
<record>
<leader>     nab a22     uu 4500</leader>
<controlfield tag="001">d8592c4b46ef4a52adc4ff862ab0e478</controlfield>
<datafield tag="022" ind1=" " ind2=" ">
    <subfield code="a">2056-9890</subfield>
</datafield>
<datafield tag="024" ind1="7" ind2=" ">
        <subfield code="a">10.1107/S2056989015013687</subfield>
        <subfield code="2">doi</subfield>
    </datafield>
<datafield tag="100" ind1="0" ind2=" ">
    <subfield code="a">Hong Dae Choi</subfield>
</datafield>
<datafield tag="245" ind1="0" ind2="0">
    <subfield code="a">Crystal structure of 5-bromo-2,4,6-trimethyl-3-[(2-methylphenyl)sulfinyl]-1-benzofuran</subfield>
</datafield>
<datafield tag="700" ind1="0" ind2=" ">
    <subfield code="a">Uk Lee</subfield>
</datafield>
</record>