
<record>
<leader>     nab a22     uu 4500</leader>
<controlfield tag="001">4fbd8f85427943deae6366eb3f85c1e5</controlfield>
<datafield tag="022" ind1=" " ind2=" ">
    <subfield code="a">2056-9890</subfield>
</datafield>
<datafield tag="024" ind1="7" ind2=" ">
        <subfield code="a">10.1107/S2056989015012311</subfield>
        <subfield code="2">doi</subfield>
    </datafield>
<datafield tag="100" ind1="0" ind2=" ">
    <subfield code="a">Rizvan K. Askerov</subfield>
</datafield>
<datafield tag="245" ind1="0" ind2="0">
    <subfield code="a">Crystal structure of rac-(3aR*,9aS*)-4,4,4-trichloro-1,2,3,3a,4,9a-hexahydro-4λ5,9λ4-cyclopenta[4,5][1,3]tellurazolo[3,2-a]pyridine</subfield>
</datafield>
<datafield tag="700" ind1="0" ind2=" ">
    <subfield code="a">Julia M. Lukiyanova</subfield>
</datafield>
<datafield tag="700" ind1="0" ind2=" ">
    <subfield code="a">Zhanna V. Matsulevich</subfield>
</datafield>
<datafield tag="700" ind1="0" ind2=" ">
    <subfield code="a">Alexander V. Borisov</subfield>
</datafield>
<datafield tag="700" ind1="0" ind2=" ">
    <subfield code="a">Victor N. Khrustalev</subfield>
</datafield>
</record>