
<record>
<leader>     nab a22     uu 4500</leader>
<controlfield tag="001">08b2b6122b8d432aabf9633bfe05bd58</controlfield>
<datafield tag="022" ind1=" " ind2=" ">
    <subfield code="a">2056-9890</subfield>
</datafield>
<datafield tag="024" ind1="7" ind2=" ">
        <subfield code="a">10.1107/S205698901501378X</subfield>
        <subfield code="2">doi</subfield>
    </datafield>
<datafield tag="100" ind1="0" ind2=" ">
    <subfield code="a">Pattarapol Khongsuk</subfield>
</datafield>
<datafield tag="245" ind1="0" ind2="0">
    <subfield code="a">Crystal structure of 4,6-diamino-2,2-dimethyl-3-[3-(2,4,5-trichlorophenoxy)propoxy]-2,3-dihydro-1,3,5-triazin-1-ium chloride methanol monosolvate</subfield>
</datafield>
<datafield tag="700" ind1="0" ind2=" ">
    <subfield code="a">Samran Prabpai</subfield>
</datafield>
<datafield tag="700" ind1="0" ind2=" ">
    <subfield code="a">Palangpon Kongsaeree</subfield>
</datafield>
</record>