
<record>
<leader>     nab a22     uu 4500</leader>
<controlfield tag="001">688e92dd9dbc4306bd3861cbaed8b67f</controlfield>
<datafield tag="022" ind1=" " ind2=" ">
    <subfield code="a">2056-9890</subfield>
</datafield>
<datafield tag="024" ind1="7" ind2=" ">
        <subfield code="a">10.1107/S2056989015013456</subfield>
        <subfield code="2">doi</subfield>
    </datafield>
<datafield tag="100" ind1="0" ind2=" ">
    <subfield code="a">Yoshinobu Ishikawa</subfield>
</datafield>
<datafield tag="245" ind1="0" ind2="0">
    <subfield code="a">Crystal structure of 4-oxo-4H-chromene-3-carboxylic acid</subfield>
</datafield>
</record>