
<record>
<leader>     nab a22     uu 4500</leader>
<controlfield tag="001">f762e0ea9ac741f4b42f2d5e6fe9ace5</controlfield>
<datafield tag="022" ind1=" " ind2=" ">
    <subfield code="a">2056-9890</subfield>
</datafield>
<datafield tag="024" ind1="7" ind2=" ">
        <subfield code="a">10.1107/S2056989015013171</subfield>
        <subfield code="2">doi</subfield>
    </datafield>
<datafield tag="100" ind1="0" ind2=" ">
    <subfield code="a">Yoshinobu Ishikawa</subfield>
</datafield>
<datafield tag="245" ind1="0" ind2="0">
    <subfield code="a">Crystal structure of ethyl 8-chloro-4-oxo-1,4-dihydroquinoline-3-carboxylate</subfield>
</datafield>
<datafield tag="700" ind1="0" ind2=" ">
    <subfield code="a">Nanako Yoshida</subfield>
</datafield>
</record>