
<record>
<leader>     nab a22     uu 4500</leader>
<controlfield tag="001">1a2e553bd6274737ac9f35fa4b5f9cb2</controlfield>
<datafield tag="022" ind1=" " ind2=" ">
    <subfield code="a">2056-9890</subfield>
</datafield>
<datafield tag="024" ind1="7" ind2=" ">
        <subfield code="a">10.1107/S2056989015013262</subfield>
        <subfield code="2">doi</subfield>
    </datafield>
<datafield tag="100" ind1="0" ind2=" ">
    <subfield code="a">Roman Doroschuk</subfield>
</datafield>
<datafield tag="245" ind1="0" ind2="0">
    <subfield code="a">Crystal structure of C-2-benzothiazole-N-methylnitrone</subfield>
</datafield>
</record>