
<record>
<leader>     nab a22     uu 4500</leader>
<controlfield tag="001">101886a1fbbf4be5b4051bbc5084454f</controlfield>
<datafield tag="022" ind1=" " ind2=" ">
    <subfield code="a">2056-9890</subfield>
</datafield>
<datafield tag="024" ind1="7" ind2=" ">
        <subfield code="a">10.1107/S2056989015012499</subfield>
        <subfield code="2">doi</subfield>
    </datafield>
<datafield tag="100" ind1="0" ind2=" ">
    <subfield code="a">T. Mohandas</subfield>
</datafield>
<datafield tag="245" ind1="0" ind2="0">
    <subfield code="a">Crystal structure of (E)-4-(acetoxyimino)-N-allyl-3-isopropyl-2,6-diphenylpiperidine-1-carbothioamide</subfield>
</datafield>
<datafield tag="700" ind1="0" ind2=" ">
    <subfield code="a">K. Gokula Krishnan</subfield>
</datafield>
<datafield tag="700" ind1="0" ind2=" ">
    <subfield code="a">S. Balamurugan</subfield>
</datafield>
<datafield tag="700" ind1="0" ind2=" ">
    <subfield code="a">William T. A. Harrison</subfield>
</datafield>
<datafield tag="700" ind1="0" ind2=" ">
    <subfield code="a">V. Thanikachalam</subfield>
</datafield>
<datafield tag="700" ind1="0" ind2=" ">
    <subfield code="a">P. Sakthivel</subfield>
</datafield>
</record>