
<record>
<leader>     nab a22     uu 4500</leader>
<controlfield tag="001">b1c0845575d74c8a84de6b61b5e3bcc9</controlfield>
<datafield tag="022" ind1=" " ind2=" ">
    <subfield code="a">2056-9890</subfield>
</datafield>
<datafield tag="024" ind1="7" ind2=" ">
        <subfield code="a">10.1107/S205698901501244X</subfield>
        <subfield code="2">doi</subfield>
    </datafield>
<datafield tag="100" ind1="0" ind2=" ">
    <subfield code="a">Ahmed Benzalim</subfield>
</datafield>
<datafield tag="245" ind1="0" ind2="0">
    <subfield code="a">Crystal structure of (1R,2S,4R,7R,8S,9R)-3,3-dichloro-8,9-epoxy-4,8,12,12-tetramethyltricyclo[5.5.0.02,4]dodecane</subfield>
</datafield>
<datafield tag="700" ind1="0" ind2=" ">
    <subfield code="a">Aziz Auhmani</subfield>
</datafield>
<datafield tag="700" ind1="0" ind2=" ">
    <subfield code="a">My Youssef Ait Itto</subfield>
</datafield>
<datafield tag="700" ind1="0" ind2=" ">
    <subfield code="a">Jean-Claude Daran</subfield>
</datafield>
<datafield tag="700" ind1="0" ind2=" ">
    <subfield code="a">Abdelwahed Auhmani</subfield>
</datafield>
</record>