
<record>
<leader>     nab a22     uu 4500</leader>
<controlfield tag="001">f2dbf1cfd3d24feaa31c2fdea809a248</controlfield>
<datafield tag="022" ind1=" " ind2=" ">
    <subfield code="a">2056-9890</subfield>
</datafield>
<datafield tag="024" ind1="7" ind2=" ">
        <subfield code="a">10.1107/S2056989015013961</subfield>
        <subfield code="2">doi</subfield>
    </datafield>
<datafield tag="100" ind1="0" ind2=" ">
    <subfield code="a">Liubov M. Lifshits</subfield>
</datafield>
<datafield tag="245" ind1="0" ind2="0">
    <subfield code="a">Crystal structure of poly[[[μ4-5-(9H-carbazol-9-yl)isophthalato][μ3-5-(9H-carbazol-9-yl)isophthalato]bis(dimethylformamide)(methanol)dizinc] dimethylformamide monosolvate]</subfield>
</datafield>
<datafield tag="700" ind1="0" ind2=" ">
    <subfield code="a">Charles Campana</subfield>
</datafield>
<datafield tag="700" ind1="0" ind2=" ">
    <subfield code="a">Jeremy K. Klosterman</subfield>
</datafield>
</record>