
<record>
<leader>     nab a22     uu 4500</leader>
<controlfield tag="001">64365bba43ce427c8598c9ea48527297</controlfield>
<datafield tag="022" ind1=" " ind2=" ">
    <subfield code="a">2056-9890</subfield>
</datafield>
<datafield tag="024" ind1="7" ind2=" ">
        <subfield code="a">10.1107/S2056989015014139</subfield>
        <subfield code="2">doi</subfield>
    </datafield>
<datafield tag="100" ind1="0" ind2=" ">
    <subfield code="a">Alan H. Haines</subfield>
</datafield>
<datafield tag="245" ind1="0" ind2="0">
    <subfield code="a">Crystal structure of potassium (1S)-d-lyxit-1-ylsulfonate monohydrate</subfield>
</datafield>
<datafield tag="700" ind1="0" ind2=" ">
    <subfield code="a">David L. Hughes</subfield>
</datafield>
</record>