
<record>
<leader>     nab a22     uu 4500</leader>
<controlfield tag="001">bf405b860d2f4a7dbcee105541f19e6c</controlfield>
<datafield tag="022" ind1=" " ind2=" ">
    <subfield code="a">2056-9890</subfield>
</datafield>
<datafield tag="024" ind1="7" ind2=" ">
        <subfield code="a">10.1107/S2056989015013663</subfield>
        <subfield code="2">doi</subfield>
    </datafield>
<datafield tag="100" ind1="0" ind2=" ">
    <subfield code="a">Casseday P. Richers</subfield>
</datafield>
<datafield tag="245" ind1="0" ind2="0">
    <subfield code="a">Crystal structure of di-μ-hydroxido-κ4O:O-bis[bis(acetylacetonato-κ2O,O′)cobalt(III)]</subfield>
</datafield>
<datafield tag="700" ind1="0" ind2=" ">
    <subfield code="a">Jeffery A. Bertke</subfield>
</datafield>
<datafield tag="700" ind1="0" ind2=" ">
    <subfield code="a">Thomas B. Rauchfuss</subfield>
</datafield>
</record>