
<record>
<leader>     nab a22     uu 4500</leader>
<controlfield tag="001">68502271cf944aa6adf04634a44bd47c</controlfield>
<datafield tag="022" ind1=" " ind2=" ">
    <subfield code="a">2056-9890</subfield>
</datafield>
<datafield tag="024" ind1="7" ind2=" ">
        <subfield code="a">10.1107/S2056989015014164</subfield>
        <subfield code="2">doi</subfield>
    </datafield>
<datafield tag="100" ind1="0" ind2=" ">
    <subfield code="a">Hitomi Ohmagari</subfield>
</datafield>
<datafield tag="245" ind1="0" ind2="0">
    <subfield code="a">Crystal structure of bis[4′-(1,4,7,10-tetraoxa-13- azacyclopentadecan-13-yl)-2,2′:6′,2′′-terpyridine]cobalt(III) tris(perchlorate) methanol monosolvate monohydrate</subfield>
</datafield>
<datafield tag="700" ind1="0" ind2=" ">
    <subfield code="a">Manabu Nakaya</subfield>
</datafield>
<datafield tag="700" ind1="0" ind2=" ">
    <subfield code="a">Ryo Ohtani</subfield>
</datafield>
<datafield tag="700" ind1="0" ind2=" ">
    <subfield code="a">Masaaki Nakamura</subfield>
</datafield>
<datafield tag="700" ind1="0" ind2=" ">
    <subfield code="a">Shinya Hayami</subfield>
</datafield>
</record>