
<record>
<leader>     nab a22     uu 4500</leader>
<controlfield tag="001">cbf67e95e87a40e4ab6f2fa99aba45d2</controlfield>
<datafield tag="022" ind1=" " ind2=" ">
    <subfield code="a">2056-9890</subfield>
</datafield>
<datafield tag="024" ind1="7" ind2=" ">
        <subfield code="a">10.1107/S2056989015013675</subfield>
        <subfield code="2">doi</subfield>
    </datafield>
<datafield tag="100" ind1="0" ind2=" ">
    <subfield code="a">Mohammad Iqbal</subfield>
</datafield>
<datafield tag="245" ind1="0" ind2="0">
    <subfield code="a">Crystal structure of catena-poly[hemi[1,3-bis(2,6-diisopropylphenyl)imidazolium] [[μ3-acetato-κ3O:O:O′-tri-μ2-acetato-κ6O:O′-dicopper(II)(Cu—Cu)]-μ-chlorido] dichloromethane sesquisolvate]</subfield>
</datafield>
<datafield tag="700" ind1="0" ind2=" ">
    <subfield code="a">James Raftery</subfield>
</datafield>
<datafield tag="700" ind1="0" ind2=" ">
    <subfield code="a">Peter Quayle</subfield>
</datafield>
</record>