
<record>
<leader>     nab a22     uu 4500</leader>
<controlfield tag="001">09b554db4ea7412a944f384ddfa9d5e9</controlfield>
<datafield tag="022" ind1=" " ind2=" ">
    <subfield code="a">2056-9890</subfield>
</datafield>
<datafield tag="024" ind1="7" ind2=" ">
        <subfield code="a">10.1107/S2056989015013791</subfield>
        <subfield code="2">doi</subfield>
    </datafield>
<datafield tag="100" ind1="0" ind2=" ">
    <subfield code="a">Do Nam Lee</subfield>
</datafield>
<datafield tag="245" ind1="0" ind2="0">
    <subfield code="a">Structure of poly[diaqua[μ-1,2-bis(pyridin-4-yl)ethane-κ2N:N′]bis(μ3-cyclobutane-1,1-dicarboxylato-κ3O,O′:O′′:O′′′)dimanganese(II)]</subfield>
</datafield>
<datafield tag="700" ind1="0" ind2=" ">
    <subfield code="a">Youngmee Kim</subfield>
</datafield>
</record>