
<record>
<leader>     nab a22     uu 4500</leader>
<controlfield tag="001">7cc7e0f1a14e4c779097e5b65cc84dcb</controlfield>
<datafield tag="022" ind1=" " ind2=" ">
    <subfield code="a">2056-9890</subfield>
</datafield>
<datafield tag="024" ind1="7" ind2=" ">
        <subfield code="a">10.1107/S205698901501364X</subfield>
        <subfield code="2">doi</subfield>
    </datafield>
<datafield tag="100" ind1="0" ind2=" ">
    <subfield code="a">Jin-Li Zhu</subfield>
</datafield>
<datafield tag="245" ind1="0" ind2="0">
    <subfield code="a">Crystal structure of aquabis[4-(methylsulfanyl)benzoato-κO](1,10-phenanthroline-κ2N,N′)copper(II) monohydrate</subfield>
</datafield>
<datafield tag="700" ind1="0" ind2=" ">
    <subfield code="a">Jian-hua Li</subfield>
</datafield>
<datafield tag="700" ind1="0" ind2=" ">
    <subfield code="a">Miao Wang</subfield>
</datafield>
<datafield tag="700" ind1="0" ind2=" ">
    <subfield code="a">Guo-Min Jiang</subfield>
</datafield>
<datafield tag="700" ind1="0" ind2=" ">
    <subfield code="a">Guo-Qing Jiang</subfield>
</datafield>
</record>