
<record>
<leader>     nab a22     uu 4500</leader>
<controlfield tag="001">880d2fc79eea4e33a6229f2d93821830</controlfield>
<datafield tag="022" ind1=" " ind2=" ">
    <subfield code="a">2056-9890</subfield>
</datafield>
<datafield tag="024" ind1="7" ind2=" ">
        <subfield code="a">10.1107/S2056989015013377</subfield>
        <subfield code="2">doi</subfield>
    </datafield>
<datafield tag="100" ind1="0" ind2=" ">
    <subfield code="a">José A. Romero</subfield>
</datafield>
<datafield tag="245" ind1="0" ind2="0">
    <subfield code="a">Anomalous halogen bonds in the crystal structures of 1,2,3-tribromo-5-nitrobenzene and 1,3-dibromo-2-iodo-5-nitrobenzene</subfield>
</datafield>
<datafield tag="700" ind1="0" ind2=" ">
    <subfield code="a">Gerardo Aguirre Hernández</subfield>
</datafield>
<datafield tag="700" ind1="0" ind2=" ">
    <subfield code="a">Sylvain Bernès</subfield>
</datafield>
</record>