
<record>
<leader>     nab a22     uu 4500</leader>
<controlfield tag="001">d0b19053b063430799179c7f2954d343</controlfield>
<datafield tag="022" ind1=" " ind2=" ">
    <subfield code="a">2056-9890</subfield>
</datafield>
<datafield tag="024" ind1="7" ind2=" ">
        <subfield code="a">10.1107/S2056989015013390</subfield>
        <subfield code="2">doi</subfield>
    </datafield>
<datafield tag="100" ind1="0" ind2=" ">
    <subfield code="a">Ahmed Benharref</subfield>
</datafield>
<datafield tag="245" ind1="0" ind2="0">
    <subfield code="a">Crystal structure of (1S,3R,8R,9R,10S)-2,4,6-tris(2,2-dichloro-3,7,7,10-tetramethyltricyclo[6.4.0.01,3]dodec-9-yl)cyclotriboroxane</subfield>
</datafield>
<datafield tag="700" ind1="0" ind2=" ">
    <subfield code="a">Lahcen El Ammari</subfield>
</datafield>
<datafield tag="700" ind1="0" ind2=" ">
    <subfield code="a">Mohamed Saadi</subfield>
</datafield>
<datafield tag="700" ind1="0" ind2=" ">
    <subfield code="a">Noureddine Mazoir</subfield>
</datafield>
<datafield tag="700" ind1="0" ind2=" ">
    <subfield code="a">Moha Berraho</subfield>
</datafield>
</record>