
<record>
<leader>     nab a22     uu 4500</leader>
<controlfield tag="001">5b2304e51a1840f9b0bb0d57dec2ae77</controlfield>
<datafield tag="022" ind1=" " ind2=" ">
    <subfield code="a">2056-9890</subfield>
</datafield>
<datafield tag="024" ind1="7" ind2=" ">
        <subfield code="a">10.1107/S2056989015013420</subfield>
        <subfield code="2">doi</subfield>
    </datafield>
<datafield tag="100" ind1="0" ind2=" ">
    <subfield code="a">Vasant S. Naik</subfield>
</datafield>
<datafield tag="245" ind1="0" ind2="0">
    <subfield code="a">Crystal structures of (2E)-1-(3-bromothiophen-2-yl)-3-(2-methoxyphenyl)prop-2-en-1-one and (2E)-1-(3-bromothiophen-2-yl)-3-(3,4-dimethoxyphenyl)prop-2-en-1-one</subfield>
</datafield>
<datafield tag="700" ind1="0" ind2=" ">
    <subfield code="a">Venkataraya Shettigar</subfield>
</datafield>
<datafield tag="700" ind1="0" ind2=" ">
    <subfield code="a">Tyler S. Berglin</subfield>
</datafield>
<datafield tag="700" ind1="0" ind2=" ">
    <subfield code="a">Jillian S. Coburn</subfield>
</datafield>
<datafield tag="700" ind1="0" ind2=" ">
    <subfield code="a">Jerry P. Jasinski</subfield>
</datafield>
<datafield tag="700" ind1="0" ind2=" ">
    <subfield code="a">Hemmige S. Yathirajan</subfield>
</datafield>
</record>