
<record>
<leader>     nab a22     uu 4500</leader>
<controlfield tag="001">db910923efbe4da59b4b3557d446b7a6</controlfield>
<datafield tag="022" ind1=" " ind2=" ">
    <subfield code="a">2056-9890</subfield>
</datafield>
<datafield tag="024" ind1="7" ind2=" ">
        <subfield code="a">10.1107/S2056989015013006</subfield>
        <subfield code="2">doi</subfield>
    </datafield>
<datafield tag="100" ind1="0" ind2=" ">
    <subfield code="a">Niels-Patrick Pook</subfield>
</datafield>
<datafield tag="245" ind1="0" ind2="0">
    <subfield code="a">Crystal structure of bis[tris(1,10-phenanthroline-κ2N,N′)cobalt(II)] tetranitrate N,N′-(1,4-phenylenedicarbonyl)diglycine solvate octahydrate</subfield>
</datafield>
<datafield tag="700" ind1="0" ind2=" ">
    <subfield code="a">Philipp Hentrich</subfield>
</datafield>
<datafield tag="700" ind1="0" ind2=" ">
    <subfield code="a">Mimoza Gjikaj</subfield>
</datafield>
</record>