
<record>
<leader>     nab a22     uu 4500</leader>
<controlfield tag="001">c585b5bc6e804244a473dcaebffb6b81</controlfield>
<datafield tag="022" ind1=" " ind2=" ">
    <subfield code="a">2056-9890</subfield>
</datafield>
<datafield tag="024" ind1="7" ind2=" ">
        <subfield code="a">10.1107/S2056989015013055</subfield>
        <subfield code="2">doi</subfield>
    </datafield>
<datafield tag="100" ind1="0" ind2=" ">
    <subfield code="a">Eduard Rais</subfield>
</datafield>
<datafield tag="245" ind1="0" ind2="0">
    <subfield code="a">Crystal structures of diiodidobis[(1S,5S)-4-mesityl-1,2,8,8-tetramethyl-2,4-diazabicyclo[3.2.1]octan-3-ylidene-κC3]palladium(IV) and dichlorido[(1S,5S)-4-mesityl-1,2,8,8-tetramethyl-2,4-diazabicyclo[3.2.1]octan-3-ylidene-κC3](triphenylphosphane-κP)palladium(IV)</subfield>
</datafield>
<datafield tag="700" ind1="0" ind2=" ">
    <subfield code="a">Ulrich Flörke</subfield>
</datafield>
<datafield tag="700" ind1="0" ind2=" ">
    <subfield code="a">René Wilhelm</subfield>
</datafield>
</record>