
<record>
<leader>     nab a22     uu 4500</leader>
<controlfield tag="001">73798b5476f943e09d9b1106e0fd71f0</controlfield>
<datafield tag="022" ind1=" " ind2=" ">
    <subfield code="a">2056-9890</subfield>
</datafield>
<datafield tag="024" ind1="7" ind2=" ">
        <subfield code="a">10.1107/S2056989015012931</subfield>
        <subfield code="2">doi</subfield>
    </datafield>
<datafield tag="100" ind1="0" ind2=" ">
    <subfield code="a">M. Fathimunnisa</subfield>
</datafield>
<datafield tag="245" ind1="0" ind2="0">
    <subfield code="a">Crystal structure of 2′-[(2′,4′-difluorobiphenyl-4-yl)carbonyl]-1′-phenyl-1′,2′,5′,6′,7′,7a&apos;-hexahydrospiro[indole-3,3′-pyrrolizin]-2(1H)-one</subfield>
</datafield>
<datafield tag="700" ind1="0" ind2=" ">
    <subfield code="a">H. Manikandan</subfield>
</datafield>
<datafield tag="700" ind1="0" ind2=" ">
    <subfield code="a">S. Selvanayagam</subfield>
</datafield>
<datafield tag="700" ind1="0" ind2=" ">
    <subfield code="a">B. Sridhar</subfield>
</datafield>
</record>