
<record>
<leader>     nab a22     uu 4500</leader>
<controlfield tag="001">ed9f43697807444797c6c90ca127c430</controlfield>
<datafield tag="022" ind1=" " ind2=" ">
    <subfield code="a">2056-9890</subfield>
</datafield>
<datafield tag="024" ind1="7" ind2=" ">
        <subfield code="a">10.1107/S2056989015012633</subfield>
        <subfield code="2">doi</subfield>
    </datafield>
<datafield tag="100" ind1="0" ind2=" ">
    <subfield code="a">Graham Smith</subfield>
</datafield>
<datafield tag="245" ind1="0" ind2="0">
    <subfield code="a">Crystal structure of poly[[di-μ2-aqua-aquasodium] 4-amino-3,5,6-trichloropyridine-2-carboxylate trihydrate], the sodium salt of the herbicide picloram</subfield>
</datafield>
</record>