
<record>
<leader>     nab a22     uu 4500</leader>
<controlfield tag="001">31a06bd95f5e4de891f73aea62d42546</controlfield>
<datafield tag="022" ind1=" " ind2=" ">
    <subfield code="a">2056-9890</subfield>
</datafield>
<datafield tag="024" ind1="7" ind2=" ">
        <subfield code="a">10.1107/S2056989015012979</subfield>
        <subfield code="2">doi</subfield>
    </datafield>
<datafield tag="100" ind1="0" ind2=" ">
    <subfield code="a">Benyong Lou</subfield>
</datafield>
<datafield tag="245" ind1="0" ind2="0">
    <subfield code="a">Crystal structure of 1,3-dihydroxy-2-(hydroxymethyl)propan-2-aminium 2-(4-isobutylphenyl)propanoate: a simple organic salt of racemic ibuprofen</subfield>
</datafield>
</record>