
<record>
<leader>     nab a22     uu 4500</leader>
<controlfield tag="001">0ff58557ca1a49eab14f9fa5ce8921c6</controlfield>
<datafield tag="022" ind1=" " ind2=" ">
    <subfield code="a">2056-9890</subfield>
</datafield>
<datafield tag="024" ind1="7" ind2=" ">
        <subfield code="a">10.1107/S205698901501275X</subfield>
        <subfield code="2">doi</subfield>
    </datafield>
<datafield tag="100" ind1="0" ind2=" ">
    <subfield code="a">Yoshinobu Ishikawa</subfield>
</datafield>
<datafield tag="245" ind1="0" ind2="0">
    <subfield code="a">Crystal structure of 7,8-dichloro-4-oxo-4H-chromene-3-carbaldehyde</subfield>
</datafield>
</record>