
<record>
<leader>     nab a22     uu 4500</leader>
<controlfield tag="001">2c5dc05a7a044dbc8b5ce69fc7f8bbe1</controlfield>
<datafield tag="022" ind1=" " ind2=" ">
    <subfield code="a">2056-9890</subfield>
</datafield>
<datafield tag="024" ind1="7" ind2=" ">
        <subfield code="a">10.1107/S2056989015012487</subfield>
        <subfield code="2">doi</subfield>
    </datafield>
<datafield tag="100" ind1="0" ind2=" ">
    <subfield code="a">Anna S. Voronova</subfield>
</datafield>
<datafield tag="245" ind1="0" ind2="0">
    <subfield code="a">Crystal structure of catena-poly[calcium-di-μ3-benzoato-κ6O,O′:O-μ2-(dimethyl sulfoxide)-κ2O:O]</subfield>
</datafield>
<datafield tag="700" ind1="0" ind2=" ">
    <subfield code="a">Svitlana R. Petrusenko</subfield>
</datafield>
<datafield tag="700" ind1="0" ind2=" ">
    <subfield code="a">Evgeny Goreshnik</subfield>
</datafield>
</record>