
<record>
<leader>     nab a22     uu 4500</leader>
<controlfield tag="001">0ae25b89e80844e4a3281dbb6f4ff428</controlfield>
<datafield tag="022" ind1=" " ind2=" ">
    <subfield code="a">2056-9890</subfield>
</datafield>
<datafield tag="024" ind1="7" ind2=" ">
        <subfield code="a">10.1107/S2056989015012384</subfield>
        <subfield code="2">doi</subfield>
    </datafield>
<datafield tag="100" ind1="0" ind2=" ">
    <subfield code="a">Juan Granifo</subfield>
</datafield>
<datafield tag="245" ind1="0" ind2="0">
    <subfield code="a">Structure of a dinuclear cadmium complex with 2,2′-bipyridine, monodentate nitrate and 3-carboxy-6-methylpyridine-2-carboxylate ligands: intramolecular carbonyl(lone pair)...π(ring) and nitrate(π)...π(ring) interactions</subfield>
</datafield>
<datafield tag="700" ind1="0" ind2=" ">
    <subfield code="a">Sebastián Suarez</subfield>
</datafield>
<datafield tag="700" ind1="0" ind2=" ">
    <subfield code="a">Ricardo Baggio</subfield>
</datafield>
</record>