
<record>
<leader>     nab a22     uu 4500</leader>
<controlfield tag="001">246302cfc1824c929ed7041cf8f00d1b</controlfield>
<datafield tag="022" ind1=" " ind2=" ">
    <subfield code="a">2056-9890</subfield>
</datafield>
<datafield tag="024" ind1="7" ind2=" ">
        <subfield code="a">10.1107/S2056989015012785</subfield>
        <subfield code="2">doi</subfield>
    </datafield>
<datafield tag="100" ind1="0" ind2=" ">
    <subfield code="a">Daniel Lundberg</subfield>
</datafield>
<datafield tag="245" ind1="0" ind2="0">
    <subfield code="a">Crystal structure of hexakis(dmpu)-di-μ2-hydroxido-dialuminium tetraiodide dmpu tetrasolvate [dmpu is 1,3-dimethyltetrahydropyrimidin-2(1H)-one]: a centrosymmetric dinuclear aluminium complex containing AlO5 polyhedra</subfield>
</datafield>
<datafield tag="700" ind1="0" ind2=" ">
    <subfield code="a">Krzysztof Lyczko</subfield>
</datafield>
</record>