
<record>
<leader>     nab a22     uu 4500</leader>
<controlfield tag="001">b47914f30f5f4448a9b06d5601a106e0</controlfield>
<datafield tag="022" ind1=" " ind2=" ">
    <subfield code="a">2056-9890</subfield>
</datafield>
<datafield tag="024" ind1="7" ind2=" ">
        <subfield code="a">10.1107/S2056989015012463</subfield>
        <subfield code="2">doi</subfield>
    </datafield>
<datafield tag="100" ind1="0" ind2=" ">
    <subfield code="a">Benjamin J. Coe</subfield>
</datafield>
<datafield tag="245" ind1="0" ind2="0">
    <subfield code="a">Crystal structure of [1,1′′′-bis(pyrimidin-2-yl)-4,4′:2′,2′′:4′′,4′′′-quaterpyridine-1,1′′′-diium-κ2N1′,N1′′]bis[2-(pyridin-2-yl)phenyl-κ2N,C1]iridium(III) tris(hexafluoridophosphate) acetonitrile trisolvate</subfield>
</datafield>
<datafield tag="700" ind1="0" ind2=" ">
    <subfield code="a">Martyn K. Peers</subfield>
</datafield>
<datafield tag="700" ind1="0" ind2=" ">
    <subfield code="a">James Raftery</subfield>
</datafield>
<datafield tag="700" ind1="0" ind2=" ">
    <subfield code="a">Nigel S. Scrutton</subfield>
</datafield>
</record>