
<record>
<leader>     nab a22     uu 4500</leader>
<controlfield tag="001">e1b5ae0265a649f0a637bf7e6892e0b1</controlfield>
<datafield tag="022" ind1=" " ind2=" ">
    <subfield code="a">2056-9890</subfield>
</datafield>
<datafield tag="024" ind1="7" ind2=" ">
        <subfield code="a">10.1107/S2056989015012682</subfield>
        <subfield code="2">doi</subfield>
    </datafield>
<datafield tag="100" ind1="0" ind2=" ">
    <subfield code="a">Yee Seng Tan</subfield>
</datafield>
<datafield tag="245" ind1="0" ind2="0">
    <subfield code="a">A new monoclinic polymorph of 1,1′-bis(diphenylthiophosphoryl)ferrocene</subfield>
</datafield>
<datafield tag="700" ind1="0" ind2=" ">
    <subfield code="a">Chien Ing Yeo</subfield>
</datafield>
<datafield tag="700" ind1="0" ind2=" ">
    <subfield code="a">Edward R. T. Tiekink</subfield>
</datafield>
</record>