
<record>
<leader>     nab a22     uu 4500</leader>
<controlfield tag="001">7be53c4ac93645bc9fc4abee5b5cdc40</controlfield>
<datafield tag="022" ind1=" " ind2=" ">
    <subfield code="a">2056-9890</subfield>
</datafield>
<datafield tag="024" ind1="7" ind2=" ">
        <subfield code="a">10.1107/S2056989015012025</subfield>
        <subfield code="2">doi</subfield>
    </datafield>
<datafield tag="100" ind1="0" ind2=" ">
    <subfield code="a">Jasmin Preis</subfield>
</datafield>
<datafield tag="245" ind1="0" ind2="0">
    <subfield code="a">Crystal structure of 11-[4-(hexyloxy)phenyl]-1,2,4-triazolo[4,3-a][1,10]phenanthroline</subfield>
</datafield>
<datafield tag="700" ind1="0" ind2=" ">
    <subfield code="a">Dieter Schollmeyer</subfield>
</datafield>
<datafield tag="700" ind1="0" ind2=" ">
    <subfield code="a">Heiner Detert</subfield>
</datafield>
</record>