
<record>
<leader>     nab a22     uu 4500</leader>
<controlfield tag="001">a1be5daff7404caa8d29da0f2d7994b3</controlfield>
<datafield tag="022" ind1=" " ind2=" ">
    <subfield code="a">2056-9890</subfield>
</datafield>
<datafield tag="024" ind1="7" ind2=" ">
        <subfield code="a">10.1107/S2056989015011251</subfield>
        <subfield code="2">doi</subfield>
    </datafield>
<datafield tag="100" ind1="0" ind2=" ">
    <subfield code="a">Qiang-Qiang Lu</subfield>
</datafield>
<datafield tag="245" ind1="0" ind2="0">
    <subfield code="a">Crystal structure of 4α-hydroxy-5α,8β(H)-eudesm-7(11)-en-8,12-olide monohydrate</subfield>
</datafield>
<datafield tag="700" ind1="0" ind2=" ">
    <subfield code="a">Xin-Wei Shi</subfield>
</datafield>
<datafield tag="700" ind1="0" ind2=" ">
    <subfield code="a">Xing-Ke Yang</subfield>
</datafield>
</record>