
<record>
<leader>     nab a22     uu 4500</leader>
<controlfield tag="001">ef292d51b5574237babfa34b537767e2</controlfield>
<datafield tag="022" ind1=" " ind2=" ">
    <subfield code="a">2056-9890</subfield>
</datafield>
<datafield tag="024" ind1="7" ind2=" ">
        <subfield code="a">10.1107/S2056989015011858</subfield>
        <subfield code="2">doi</subfield>
    </datafield>
<datafield tag="100" ind1="0" ind2=" ">
    <subfield code="a">G. Sridhar</subfield>
</datafield>
<datafield tag="245" ind1="0" ind2="0">
    <subfield code="a">Crystal structure of 3,9,9-trimethyl-2,3,3a,4,9,9a-hexahydro-1H-cyclopenta[b]quinolin-4-ium chloride</subfield>
</datafield>
<datafield tag="700" ind1="0" ind2=" ">
    <subfield code="a">I. Mohammed Bilal</subfield>
</datafield>
<datafield tag="700" ind1="0" ind2=" ">
    <subfield code="a">D. Easwaramoorthy</subfield>
</datafield>
<datafield tag="700" ind1="0" ind2=" ">
    <subfield code="a">S. Kutti Rani</subfield>
</datafield>
<datafield tag="700" ind1="0" ind2=" ">
    <subfield code="a">K. Anand Solomon</subfield>
</datafield>
</record>