
<record>
<leader>     nab a22     uu 4500</leader>
<controlfield tag="001">3fec1abd1335447b8a5927aef2d57a6d</controlfield>
<datafield tag="022" ind1=" " ind2=" ">
    <subfield code="a">2056-9890</subfield>
</datafield>
<datafield tag="024" ind1="7" ind2=" ">
        <subfield code="a">10.1107/S2056989015011627</subfield>
        <subfield code="2">doi</subfield>
    </datafield>
<datafield tag="100" ind1="0" ind2=" ">
    <subfield code="a">Yoshinobu Ishikawa</subfield>
</datafield>
<datafield tag="245" ind1="0" ind2="0">
    <subfield code="a">Crystal structure of 3-(hydroxymethyl)chromone</subfield>
</datafield>
</record>