
<record>
<leader>     nab a22     uu 4500</leader>
<controlfield tag="001">ca9d3cd377da437b92f8a0587521a574</controlfield>
<datafield tag="022" ind1=" " ind2=" ">
    <subfield code="a">2056-9890</subfield>
</datafield>
<datafield tag="024" ind1="7" ind2=" ">
        <subfield code="a">10.1107/S2056989015011548</subfield>
        <subfield code="2">doi</subfield>
    </datafield>
<datafield tag="100" ind1="0" ind2=" ">
    <subfield code="a">Ahmed M. Abu-Dief</subfield>
</datafield>
<datafield tag="245" ind1="0" ind2="0">
    <subfield code="a">Crystal structure of (E)-1-{[(3,5-dimethylphenyl)imino]methyl}naphthalen-2-ol</subfield>
</datafield>
<datafield tag="700" ind1="0" ind2=" ">
    <subfield code="a">Mohammed S. M. Abdelbaky</subfield>
</datafield>
<datafield tag="700" ind1="0" ind2=" ">
    <subfield code="a">Santiago Garcia-Granda</subfield>
</datafield>
</record>