
<record>
<leader>     nab a22     uu 4500</leader>
<controlfield tag="001">fc0302018c8d4fcca51cbe8dcd4cced8</controlfield>
<datafield tag="022" ind1=" " ind2=" ">
    <subfield code="a">2056-9890</subfield>
</datafield>
<datafield tag="024" ind1="7" ind2=" ">
        <subfield code="a">10.1107/S2056989015011585</subfield>
        <subfield code="2">doi</subfield>
    </datafield>
<datafield tag="100" ind1="0" ind2=" ">
    <subfield code="a">Kyle S. Knight</subfield>
</datafield>
<datafield tag="245" ind1="0" ind2="0">
    <subfield code="a">Crystal structure of (E)-4,4′-(but-2-ene-1,4-diyl)bis(2-methoxyphenol)</subfield>
</datafield>
<datafield tag="700" ind1="0" ind2=" ">
    <subfield code="a">Patrick J. Carey</subfield>
</datafield>
</record>