
<record>
<leader>     nab a22     uu 4500</leader>
<controlfield tag="001">062fba8ca8034461a20512582b2c2965</controlfield>
<datafield tag="022" ind1=" " ind2=" ">
    <subfield code="a">2056-9890</subfield>
</datafield>
<datafield tag="024" ind1="7" ind2=" ">
        <subfield code="a">10.1107/S2056989015011056</subfield>
        <subfield code="2">doi</subfield>
    </datafield>
<datafield tag="100" ind1="0" ind2=" ">
    <subfield code="a">Alexander Nazarenko</subfield>
</datafield>
<datafield tag="245" ind1="0" ind2="0">
    <subfield code="a">Crystal structure of cis-anti-cis-dicyclohexane-18-crown-6 acetonitrile disolvate</subfield>
</datafield>
</record>