
<record>
<leader>     nab a22     uu 4500</leader>
<controlfield tag="001">d0686fddb22344abb2d1b1eed17ff207</controlfield>
<datafield tag="022" ind1=" " ind2=" ">
    <subfield code="a">2056-9890</subfield>
</datafield>
<datafield tag="024" ind1="7" ind2=" ">
        <subfield code="a">10.1107/S2056989015010981</subfield>
        <subfield code="2">doi</subfield>
    </datafield>
<datafield tag="100" ind1="0" ind2=" ">
    <subfield code="a">N. L. Prasad</subfield>
</datafield>
<datafield tag="245" ind1="0" ind2="0">
    <subfield code="a">Crystal structure of ethyl 2-acetyl-3,7-dimethyl-5-(thiophen-2-yl)-5H-thiazolo[3,2-a]pyrimidine-6-carboxylate</subfield>
</datafield>
<datafield tag="700" ind1="0" ind2=" ">
    <subfield code="a">M. S. Krishnamurthy</subfield>
</datafield>
<datafield tag="700" ind1="0" ind2=" ">
    <subfield code="a">Noor Shahina Begum</subfield>
</datafield>
</record>