
<record>
<leader>     nab a22     uu 4500</leader>
<controlfield tag="001">5d732ad61ce74e718e782dd43034c290</controlfield>
<datafield tag="022" ind1=" " ind2=" ">
    <subfield code="a">2056-9890</subfield>
</datafield>
<datafield tag="024" ind1="7" ind2=" ">
        <subfield code="a">10.1107/S2056989015011007</subfield>
        <subfield code="2">doi</subfield>
    </datafield>
<datafield tag="100" ind1="0" ind2=" ">
    <subfield code="a">K. Mahesh Kumar</subfield>
</datafield>
<datafield tag="245" ind1="0" ind2="0">
    <subfield code="a">Crystal structure of (6-bromo-2-oxo-2H-chromen-4-yl)methyl morpholine-4-carbodithioate</subfield>
</datafield>
<datafield tag="700" ind1="0" ind2=" ">
    <subfield code="a">K. R. Roopashree</subfield>
</datafield>
<datafield tag="700" ind1="0" ind2=" ">
    <subfield code="a">M. Vinduvahini</subfield>
</datafield>
<datafield tag="700" ind1="0" ind2=" ">
    <subfield code="a">O. Kotresh</subfield>
</datafield>
<datafield tag="700" ind1="0" ind2=" ">
    <subfield code="a">H. C. Devarajegowda</subfield>
</datafield>
</record>