
<record>
<leader>     nab a22     uu 4500</leader>
<controlfield tag="001">0d8d782608244f959223154955383007</controlfield>
<datafield tag="022" ind1=" " ind2=" ">
    <subfield code="a">2056-9890</subfield>
</datafield>
<datafield tag="024" ind1="7" ind2=" ">
        <subfield code="a">10.1107/S2056989015010476</subfield>
        <subfield code="2">doi</subfield>
    </datafield>
<datafield tag="100" ind1="0" ind2=" ">
    <subfield code="a">Suvratha Krishnamurthy</subfield>
</datafield>
<datafield tag="245" ind1="0" ind2="0">
    <subfield code="a">Crystal structure of (1R,4R)-tert-butyl 3-oxo-2-oxa-5-azabicyclo[2.2.2]octane-5-carboxylate</subfield>
</datafield>
<datafield tag="700" ind1="0" ind2=" ">
    <subfield code="a">Venkataprasad Jalli</subfield>
</datafield>
<datafield tag="700" ind1="0" ind2=" ">
    <subfield code="a">Tarun Chand Vagvala</subfield>
</datafield>
<datafield tag="700" ind1="0" ind2=" ">
    <subfield code="a">Tetsuji Moriguchi</subfield>
</datafield>
<datafield tag="700" ind1="0" ind2=" ">
    <subfield code="a">Akihiko Tsuge</subfield>
</datafield>
</record>