
<record>
<leader>     nab a22     uu 4500</leader>
<controlfield tag="001">4ee7125eb7534068a54ba204a2b466e8</controlfield>
<datafield tag="022" ind1=" " ind2=" ">
    <subfield code="a">2056-9890</subfield>
</datafield>
<datafield tag="024" ind1="7" ind2=" ">
        <subfield code="a">10.1107/S2056989015010555</subfield>
        <subfield code="2">doi</subfield>
    </datafield>
<datafield tag="100" ind1="0" ind2=" ">
    <subfield code="a">Ke-Bin Huang</subfield>
</datafield>
<datafield tag="245" ind1="0" ind2="0">
    <subfield code="a">Cystal structure of N-[2-(benzo[d][1,3]dioxol-5-yl)ethyl]-4-methylbenzenesulfonamide</subfield>
</datafield>
<datafield tag="700" ind1="0" ind2=" ">
    <subfield code="a">Gui-Jie Zhang</subfield>
</datafield>
</record>