
<record>
<leader>     nab a22     uu 4500</leader>
<controlfield tag="001">577cb7ead9f9462c97fc2b0c55f72549</controlfield>
<datafield tag="022" ind1=" " ind2=" ">
    <subfield code="a">2056-9890</subfield>
</datafield>
<datafield tag="024" ind1="7" ind2=" ">
        <subfield code="a">10.1107/S205698901500941X</subfield>
        <subfield code="2">doi</subfield>
    </datafield>
<datafield tag="100" ind1="0" ind2=" ">
    <subfield code="a">Muhabbat Honkeldieva</subfield>
</datafield>
<datafield tag="245" ind1="0" ind2="0">
    <subfield code="a">Redetermined structure of gossypol (P3 polymorph)</subfield>
</datafield>
<datafield tag="700" ind1="0" ind2=" ">
    <subfield code="a">Rishad Kunafiev</subfield>
</datafield>
<datafield tag="700" ind1="0" ind2=" ">
    <subfield code="a">Hayrullo I. Hamidov</subfield>
</datafield>
</record>