
<record>
<leader>     nab a22     uu 4500</leader>
<controlfield tag="001">2ca88f6a3da54f77b4d73d52385f8b22</controlfield>
<datafield tag="022" ind1=" " ind2=" ">
    <subfield code="a">2056-9890</subfield>
</datafield>
<datafield tag="024" ind1="7" ind2=" ">
        <subfield code="a">10.1107/S2056989015012190</subfield>
        <subfield code="2">doi</subfield>
    </datafield>
<datafield tag="100" ind1="0" ind2=" ">
    <subfield code="a">Guo-Wang Xu</subfield>
</datafield>
<datafield tag="245" ind1="0" ind2="0">
    <subfield code="a">Crystal structure of catena-poly[[diaquacobalt(II)]-bis[μ-5-(4-carboxyylatophenyl)picolinato]-κ3N,O2:O5;κ3O5:N,O2-[diaquacobalt(II)]-μ-1-[4-(1H-imidazol-1-yl)phenyl]-1H-imidazole-κ2N3:N3′]</subfield>
</datafield>
<datafield tag="700" ind1="0" ind2=" ">
    <subfield code="a">Ye-Nan Wang</subfield>
</datafield>
<datafield tag="700" ind1="0" ind2=" ">
    <subfield code="a">Hai-Bing Wang</subfield>
</datafield>
<datafield tag="700" ind1="0" ind2=" ">
    <subfield code="a">Zhong-Long Wang</subfield>
</datafield>
</record>