
<record>
<leader>     nab a22     uu 4500</leader>
<controlfield tag="001">e4142eecba774bd2a974f24f7280123c</controlfield>
<datafield tag="022" ind1=" " ind2=" ">
    <subfield code="a">2056-9890</subfield>
</datafield>
<datafield tag="024" ind1="7" ind2=" ">
        <subfield code="a">10.1107/S2056989015011871</subfield>
        <subfield code="2">doi</subfield>
    </datafield>
<datafield tag="100" ind1="0" ind2=" ">
    <subfield code="a">Yoshinobu Ishikawa</subfield>
</datafield>
<datafield tag="245" ind1="0" ind2="0">
    <subfield code="a">Crystal structure of 6-bromo-7-fluoro-4-oxo-4H-chromene-3-carbaldehyde</subfield>
</datafield>
</record>