
<record>
<leader>     nab a22     uu 4500</leader>
<controlfield tag="001">4359d849e8324bbdacf6f7c470ba809e</controlfield>
<datafield tag="022" ind1=" " ind2=" ">
    <subfield code="a">2056-9890</subfield>
</datafield>
<datafield tag="024" ind1="7" ind2=" ">
        <subfield code="a">10.1107/S2056989015012037</subfield>
        <subfield code="2">doi</subfield>
    </datafield>
<datafield tag="100" ind1="0" ind2=" ">
    <subfield code="a">Mimoza Gjikaj</subfield>
</datafield>
<datafield tag="245" ind1="0" ind2="0">
    <subfield code="a">Crystal structure of catena-poly[[tetraaquamagnesium]-μ-(dihydrogen hypodiphosphato)-κ2O:O′]</subfield>
</datafield>
<datafield tag="700" ind1="0" ind2=" ">
    <subfield code="a">Madeline Haase</subfield>
</datafield>
</record>