
<record>
<leader>     nab a22     uu 4500</leader>
<controlfield tag="001">27808d4f3fbc4f4d943c789c579fbb15</controlfield>
<datafield tag="022" ind1=" " ind2=" ">
    <subfield code="a">2056-9890</subfield>
</datafield>
<datafield tag="024" ind1="7" ind2=" ">
        <subfield code="a">10.1107/S2056989015011500</subfield>
        <subfield code="2">doi</subfield>
    </datafield>
<datafield tag="100" ind1="0" ind2=" ">
    <subfield code="a">Sergey Lindeman</subfield>
</datafield>
<datafield tag="245" ind1="0" ind2="0">
    <subfield code="a">Crystal structure of cis-2-(2-carboxycyclopropyl)glycine (CCG-III) monohydrate</subfield>
</datafield>
<datafield tag="700" ind1="0" ind2=" ">
    <subfield code="a">Nathaniel J. Wallock</subfield>
</datafield>
<datafield tag="700" ind1="0" ind2=" ">
    <subfield code="a">William A. Donaldson</subfield>
</datafield>
</record>