
<record>
<leader>     nab a22     uu 4500</leader>
<controlfield tag="001">a54ba0a6d441428e9f3edfb4c5ddd99c</controlfield>
<datafield tag="022" ind1=" " ind2=" ">
    <subfield code="a">2056-9890</subfield>
</datafield>
<datafield tag="024" ind1="7" ind2=" ">
        <subfield code="a">10.1107/S2056989015011780</subfield>
        <subfield code="2">doi</subfield>
    </datafield>
<datafield tag="100" ind1="0" ind2=" ">
    <subfield code="a">Selena L. Staun</subfield>
</datafield>
<datafield tag="245" ind1="0" ind2="0">
    <subfield code="a">Crystal structure of 4-hydroxypyridin-1-ium 3,5-dicarboxybenzoate</subfield>
</datafield>
<datafield tag="700" ind1="0" ind2=" ">
    <subfield code="a">Allen G. Oliver</subfield>
</datafield>
</record>