
<record>
<leader>     nab a22     uu 4500</leader>
<controlfield tag="001">15be93787f1346a99a48653979a060b5</controlfield>
<datafield tag="022" ind1=" " ind2=" ">
    <subfield code="a">2056-9890</subfield>
</datafield>
<datafield tag="024" ind1="7" ind2=" ">
        <subfield code="a">10.1107/S2056989015012086</subfield>
        <subfield code="2">doi</subfield>
    </datafield>
<datafield tag="100" ind1="0" ind2=" ">
    <subfield code="a">Andreas Meyer</subfield>
</datafield>
<datafield tag="245" ind1="0" ind2="0">
    <subfield code="a">The crystal structure of 4′-{4-[(2,2,5,5-tetramethyl-N-oxyl-3-pyrrolin-3-yl)ethynyl]phenyl}-2,2′:6′,2′′-terpyridine</subfield>
</datafield>
<datafield tag="700" ind1="0" ind2=" ">
    <subfield code="a">Jennifer Wiecek</subfield>
</datafield>
<datafield tag="700" ind1="0" ind2=" ">
    <subfield code="a">Gregor Schnakenburg</subfield>
</datafield>
<datafield tag="700" ind1="0" ind2=" ">
    <subfield code="a">Olav Schiemann</subfield>
</datafield>
</record>