
<record>
<leader>     nab a22     uu 4500</leader>
<controlfield tag="001">4d649b2566c3478488bf0c67034dc170</controlfield>
<datafield tag="022" ind1=" " ind2=" ">
    <subfield code="a">2056-9890</subfield>
</datafield>
<datafield tag="024" ind1="7" ind2=" ">
        <subfield code="a">10.1107/S2056989015011366</subfield>
        <subfield code="2">doi</subfield>
    </datafield>
<datafield tag="100" ind1="0" ind2=" ">
    <subfield code="a">Wilhelm Klein</subfield>
</datafield>
<datafield tag="245" ind1="0" ind2="0">
    <subfield code="a">`Pd20Sn13&apos; revisited: crystal structure of Pd6.69Sn4.31</subfield>
</datafield>
<datafield tag="700" ind1="0" ind2=" ">
    <subfield code="a">Hanpeng Jin</subfield>
</datafield>
<datafield tag="700" ind1="0" ind2=" ">
    <subfield code="a">Viktor Hlukhyy</subfield>
</datafield>
<datafield tag="700" ind1="0" ind2=" ">
    <subfield code="a">Thomas F. Fässler</subfield>
</datafield>
</record>