
<record>
<leader>     nab a22     uu 4500</leader>
<controlfield tag="001">9384aac7d4ef486f942b6ac87a50006f</controlfield>
<datafield tag="022" ind1=" " ind2=" ">
    <subfield code="a">2056-9890</subfield>
</datafield>
<datafield tag="024" ind1="7" ind2=" ">
        <subfield code="a">10.1107/S2056989015010737</subfield>
        <subfield code="2">doi</subfield>
    </datafield>
<datafield tag="100" ind1="0" ind2=" ">
    <subfield code="a">Selvarasu Muthulakshmi</subfield>
</datafield>
<datafield tag="245" ind1="0" ind2="0">
    <subfield code="a">Crystal structure of 1,10-phenanthrolinium 3-hydroxy-2,4,6-trinitrophenolate</subfield>
</datafield>
<datafield tag="700" ind1="0" ind2=" ">
    <subfield code="a">Doraisamyraja Kalaivani</subfield>
</datafield>
</record>