
<record>
<leader>     nab a22     uu 4500</leader>
<controlfield tag="001">94a45a470fad4a6085db200dcbc21f3e</controlfield>
<datafield tag="022" ind1=" " ind2=" ">
    <subfield code="a">2056-9890</subfield>
</datafield>
<datafield tag="024" ind1="7" ind2=" ">
        <subfield code="a">10.1107/S2056989015010956</subfield>
        <subfield code="2">doi</subfield>
    </datafield>
<datafield tag="100" ind1="0" ind2=" ">
    <subfield code="a">Hea-Chung Joo</subfield>
</datafield>
<datafield tag="245" ind1="0" ind2="0">
    <subfield code="a">Double salt crystal structure of nonasodium dihydrogen nonavanadoplatinate(IV) trihydrogen nonavanadoplatinate(IV) tetracontahydrate: stepwise-protonated nonavanadoplatinate(IV)</subfield>
</datafield>
<datafield tag="700" ind1="0" ind2=" ">
    <subfield code="a">Ki-Min Park</subfield>
</datafield>
<datafield tag="700" ind1="0" ind2=" ">
    <subfield code="a">Uk Lee</subfield>
</datafield>
</record>