
<record>
<leader>     nab a22     uu 4500</leader>
<controlfield tag="001">a9ab69448e48432b9a2e39afd4412676</controlfield>
<datafield tag="022" ind1=" " ind2=" ">
    <subfield code="a">2056-9890</subfield>
</datafield>
<datafield tag="024" ind1="7" ind2=" ">
        <subfield code="a">10.1107/S2056989015011226</subfield>
        <subfield code="2">doi</subfield>
    </datafield>
<datafield tag="100" ind1="0" ind2=" ">
    <subfield code="a">Józef Utko</subfield>
</datafield>
<datafield tag="245" ind1="0" ind2="0">
    <subfield code="a">Crystal structure of a mixed-ligand dinuclear Ba—Zn complex with 2-methoxyethanol having triphenylacetate and chloride bridges</subfield>
</datafield>
<datafield tag="700" ind1="0" ind2=" ">
    <subfield code="a">Maria Sobocińska</subfield>
</datafield>
<datafield tag="700" ind1="0" ind2=" ">
    <subfield code="a">Danuta Dobrzyńska</subfield>
</datafield>
<datafield tag="700" ind1="0" ind2=" ">
    <subfield code="a">Tadeusz Lis</subfield>
</datafield>
</record>