
<record>
<leader>     nab a22     uu 4500</leader>
<controlfield tag="001">8306bb343e16412088d319344d703e51</controlfield>
<datafield tag="022" ind1=" " ind2=" ">
    <subfield code="a">2056-9890</subfield>
</datafield>
<datafield tag="024" ind1="7" ind2=" ">
        <subfield code="a">10.1107/S2056989015010245</subfield>
        <subfield code="2">doi</subfield>
    </datafield>
<datafield tag="100" ind1="0" ind2=" ">
    <subfield code="a">Rajamani Raja</subfield>
</datafield>
<datafield tag="245" ind1="0" ind2="0">
    <subfield code="a">Crystal structures of 4-chlorophenyl N-(3,5-dinitrophenyl)carbamate and phenyl N-(3,5-dinitrophenyl)carbamate</subfield>
</datafield>
<datafield tag="700" ind1="0" ind2=" ">
    <subfield code="a">Subramaniyan Sathiyaraj</subfield>
</datafield>
<datafield tag="700" ind1="0" ind2=" ">
    <subfield code="a">B. Mohamad Ali</subfield>
</datafield>
<datafield tag="700" ind1="0" ind2=" ">
    <subfield code="a">A. Sultan Nasar</subfield>
</datafield>
</record>