
<record>
<leader>     nab a22     uu 4500</leader>
<controlfield tag="001">02715f91529f43bc9cc2abe1089e88dd</controlfield>
<datafield tag="022" ind1=" " ind2=" ">
    <subfield code="a">2056-9890</subfield>
</datafield>
<datafield tag="024" ind1="7" ind2=" ">
        <subfield code="a">10.1107/S2056989015010440</subfield>
        <subfield code="2">doi</subfield>
    </datafield>
<datafield tag="100" ind1="0" ind2=" ">
    <subfield code="a">Thais C. M. Noguiera</subfield>
</datafield>
<datafield tag="245" ind1="0" ind2="0">
    <subfield code="a">Different hydrogen-bonded chains in the crystal structures of three alkyl N-[(E)-1-(2-benzylidene-1-methylhydrazinyl)-3-hydroxy-1-oxopropan-2-yl]carbamates</subfield>
</datafield>
<datafield tag="700" ind1="0" ind2=" ">
    <subfield code="a">Alessandra C. Pinheiro</subfield>
</datafield>
<datafield tag="700" ind1="0" ind2=" ">
    <subfield code="a">James L. Wardell</subfield>
</datafield>
<datafield tag="700" ind1="0" ind2=" ">
    <subfield code="a">Marcus V. N. de Souza</subfield>
</datafield>
<datafield tag="700" ind1="0" ind2=" ">
    <subfield code="a">Jordan P. Abberley</subfield>
</datafield>
<datafield tag="700" ind1="0" ind2=" ">
    <subfield code="a">William T. A. Harrison</subfield>
</datafield>
</record>