
<record>
<leader>     nab a22     uu 4500</leader>
<controlfield tag="001">feeb3ff9d7e94b38ae4464d66907f638</controlfield>
<datafield tag="022" ind1=" " ind2=" ">
    <subfield code="a">2056-9890</subfield>
</datafield>
<datafield tag="024" ind1="7" ind2=" ">
        <subfield code="a">10.1107/S2056989015010257</subfield>
        <subfield code="2">doi</subfield>
    </datafield>
<datafield tag="100" ind1="0" ind2=" ">
    <subfield code="a">Augusto Rivera</subfield>
</datafield>
<datafield tag="245" ind1="0" ind2="0">
    <subfield code="a">Crystal structure of the co-crystalline adduct 1,3,6,8-tetraazatricyclo[4.4.1.13,8]dodecane (TATD)–4-chloro-3,5-dimethylphenol (1/1)</subfield>
</datafield>
<datafield tag="700" ind1="0" ind2=" ">
    <subfield code="a">Jicli José Rojas</subfield>
</datafield>
<datafield tag="700" ind1="0" ind2=" ">
    <subfield code="a">Jaime Ríos-Motta</subfield>
</datafield>
<datafield tag="700" ind1="0" ind2=" ">
    <subfield code="a">Michael Bolte</subfield>
</datafield>
</record>