
<record>
<leader>     nab a22     uu 4500</leader>
<controlfield tag="001">5fe3bb3f56194a7da5ef53c98a11e3bd</controlfield>
<datafield tag="022" ind1=" " ind2=" ">
    <subfield code="a">2056-9890</subfield>
</datafield>
<datafield tag="024" ind1="7" ind2=" ">
        <subfield code="a">10.1107/S2056989015010166</subfield>
        <subfield code="2">doi</subfield>
    </datafield>
<datafield tag="100" ind1="0" ind2=" ">
    <subfield code="a">Rahhal El Ajlaoui</subfield>
</datafield>
<datafield tag="245" ind1="0" ind2="0">
    <subfield code="a">Crystal structure of (E)-3-allyl-2-sulfanylidene-5-[(thiophen-2-yl)methylidene]thiazolidin-4-one</subfield>
</datafield>
<datafield tag="700" ind1="0" ind2=" ">
    <subfield code="a">El Mostapha Rakib</subfield>
</datafield>
<datafield tag="700" ind1="0" ind2=" ">
    <subfield code="a">Souad Mojahidi</subfield>
</datafield>
<datafield tag="700" ind1="0" ind2=" ">
    <subfield code="a">Mohamed Saadi</subfield>
</datafield>
<datafield tag="700" ind1="0" ind2=" ">
    <subfield code="a">Lahcen El Ammari</subfield>
</datafield>
</record>