
<record>
<leader>     nab a22     uu 4500</leader>
<controlfield tag="001">8392faddb8d74926a47d5dba90201ebd</controlfield>
<datafield tag="022" ind1=" " ind2=" ">
    <subfield code="a">2056-9890</subfield>
</datafield>
<datafield tag="024" ind1="7" ind2=" ">
        <subfield code="a">10.1107/S205698901500972X</subfield>
        <subfield code="2">doi</subfield>
    </datafield>
<datafield tag="100" ind1="0" ind2=" ">
    <subfield code="a">Paranthaman Vijayan</subfield>
</datafield>
<datafield tag="245" ind1="0" ind2="0">
    <subfield code="a">Crystal structure of 1-((1E)-{(E)-2-[(2-hydroxynaphthalen-1-yl)methylidene]hydrazin-1-ylidene}methyl)naphthalen-2-ol</subfield>
</datafield>
<datafield tag="700" ind1="0" ind2=" ">
    <subfield code="a">Periasamy Viswanathamurthi</subfield>
</datafield>
<datafield tag="700" ind1="0" ind2=" ">
    <subfield code="a">Michel Fleck</subfield>
</datafield>
<datafield tag="700" ind1="0" ind2=" ">
    <subfield code="a">Sugumar Paramasivam</subfield>
</datafield>
<datafield tag="700" ind1="0" ind2=" ">
    <subfield code="a">Ponnuswamy Mondikalipudur Nanjappagounder</subfield>
</datafield>
</record>