
<record>
<leader>     nab a22     uu 4500</leader>
<controlfield tag="001">db3246fad777491cb6d5d763e59f83f9</controlfield>
<datafield tag="022" ind1=" " ind2=" ">
    <subfield code="a">2056-9890</subfield>
</datafield>
<datafield tag="024" ind1="7" ind2=" ">
        <subfield code="a">10.1107/S205698901500866X</subfield>
        <subfield code="2">doi</subfield>
    </datafield>
<datafield tag="100" ind1="0" ind2=" ">
    <subfield code="a">Muhammad Salim</subfield>
</datafield>
<datafield tag="245" ind1="0" ind2="0">
    <subfield code="a">Crystal structure of (4Z)-4-[(2E)-1-hydroxy-3-(naphthalen-2-yl)prop-2-en-1-ylidene]-3-methyl-1-phenyl-1H-pyrazol-5(4H)-one</subfield>
</datafield>
<datafield tag="700" ind1="0" ind2=" ">
    <subfield code="a">Munawar Ali Munawar</subfield>
</datafield>
<datafield tag="700" ind1="0" ind2=" ">
    <subfield code="a">Muhammad Nawaz Tahir</subfield>
</datafield>
<datafield tag="700" ind1="0" ind2=" ">
    <subfield code="a">Muhammad Shahid</subfield>
</datafield>
<datafield tag="700" ind1="0" ind2=" ">
    <subfield code="a">Khizar Iqbal Malik</subfield>
</datafield>
</record>