
<record>
<leader>     nab a22     uu 4500</leader>
<controlfield tag="001">72001855529e407d875670ca7c69c2f8</controlfield>
<datafield tag="022" ind1=" " ind2=" ">
    <subfield code="a">2056-9890</subfield>
</datafield>
<datafield tag="024" ind1="7" ind2=" ">
        <subfield code="a">10.1107/S2056989015008129</subfield>
        <subfield code="2">doi</subfield>
    </datafield>
<datafield tag="100" ind1="0" ind2=" ">
    <subfield code="a">M. P. Savithri</subfield>
</datafield>
<datafield tag="245" ind1="0" ind2="0">
    <subfield code="a">Crystal structure of 14-methyl-11-(3-methylphenyl)-12-oxa-8,14-diazatetracyclo[8.3.3.01,10.02,7]hexadeca-2(7),3,5-triene-9,13-dione</subfield>
</datafield>
<datafield tag="700" ind1="0" ind2=" ">
    <subfield code="a">M. Suresh</subfield>
</datafield>
<datafield tag="700" ind1="0" ind2=" ">
    <subfield code="a">R. Raghunathan</subfield>
</datafield>
<datafield tag="700" ind1="0" ind2=" ">
    <subfield code="a">R. Raja</subfield>
</datafield>
<datafield tag="700" ind1="0" ind2=" ">
    <subfield code="a">A. SubbiahPandi</subfield>
</datafield>
</record>