
<record>
<leader>     nab a22     uu 4500</leader>
<controlfield tag="001">1e390fe70f7d42e5908cb90b248ec9c4</controlfield>
<datafield tag="022" ind1=" " ind2=" ">
    <subfield code="a">2056-9890</subfield>
</datafield>
<datafield tag="024" ind1="7" ind2=" ">
        <subfield code="a">10.1107/S2056989015008683</subfield>
        <subfield code="2">doi</subfield>
    </datafield>
<datafield tag="100" ind1="0" ind2=" ">
    <subfield code="a">M. S. Krishnamurthy</subfield>
</datafield>
<datafield tag="245" ind1="0" ind2="0">
    <subfield code="a">Crystal structure of 2-(4-chloro-3-fluorophenyl)-1H-benzimidazole</subfield>
</datafield>
<datafield tag="700" ind1="0" ind2=" ">
    <subfield code="a">Noor Shahina Begum</subfield>
</datafield>
</record>