
<record>
<leader>     nab a22     uu 4500</leader>
<controlfield tag="001">51e801572a214f409e9fa97e6305348c</controlfield>
<datafield tag="022" ind1=" " ind2=" ">
    <subfield code="a">2056-9890</subfield>
</datafield>
<datafield tag="024" ind1="7" ind2=" ">
        <subfield code="a">10.1107/S2056989015008385</subfield>
        <subfield code="2">doi</subfield>
    </datafield>
<datafield tag="100" ind1="0" ind2=" ">
    <subfield code="a">Sara Maira M. Hizam</subfield>
</datafield>
<datafield tag="245" ind1="0" ind2="0">
    <subfield code="a">Crystal structure of 2-amino-3-ethyl-4,5-dihydro-1,3-thiazol-3-ium 3-chlorobenzoate</subfield>
</datafield>
<datafield tag="700" ind1="0" ind2=" ">
    <subfield code="a">Bohari M. Yamin</subfield>
</datafield>
</record>