
<record>
<leader>     nab a22     uu 4500</leader>
<controlfield tag="001">213e350c35c341aa9bcc96fa1df4ed7b</controlfield>
<datafield tag="022" ind1=" " ind2=" ">
    <subfield code="a">2056-9890</subfield>
</datafield>
<datafield tag="024" ind1="7" ind2=" ">
        <subfield code="a">10.1107/S2056989015008981</subfield>
        <subfield code="2">doi</subfield>
    </datafield>
<datafield tag="100" ind1="0" ind2=" ">
    <subfield code="a">Arunpatcha Nimthong-Roldán</subfield>
</datafield>
<datafield tag="245" ind1="0" ind2="0">
    <subfield code="a">Crystal structure of bis[μ-bis(diphenylphosphanyl)methane-κ2P:P′]-μ-chlorido-chlorido-1κCl-(1-phenylthiourea-2κS)disilver acetonitrile hemisolvate</subfield>
</datafield>
<datafield tag="700" ind1="0" ind2=" ">
    <subfield code="a">Janejira Ratthiwal</subfield>
</datafield>
<datafield tag="700" ind1="0" ind2=" ">
    <subfield code="a">Yupa Wattanakanjana</subfield>
</datafield>
</record>