
<record>
<leader>     nab a22     uu 4500</leader>
<controlfield tag="001">80792d9e19a3488196b120265c1dcde8</controlfield>
<datafield tag="022" ind1=" " ind2=" ">
    <subfield code="a">2056-9890</subfield>
</datafield>
<datafield tag="024" ind1="7" ind2=" ">
        <subfield code="a">10.1107/S2056989015009822</subfield>
        <subfield code="2">doi</subfield>
    </datafield>
<datafield tag="100" ind1="0" ind2=" ">
    <subfield code="a">Hui-Da Wan</subfield>
</datafield>
<datafield tag="245" ind1="0" ind2="0">
    <subfield code="a">Crystal structure of di-μ-iodido-bis{[1,3-bis(2,6-diisopropylphenyl)imidazol-2-ylidene]lithium}</subfield>
</datafield>
<datafield tag="700" ind1="0" ind2=" ">
    <subfield code="a">Jian-Quan Hong</subfield>
</datafield>
</record>