
<record>
<leader>     nab a22     uu 4500</leader>
<controlfield tag="001">7d2da890535642ec8f467500ce3805a4</controlfield>
<datafield tag="022" ind1=" " ind2=" ">
    <subfield code="a">2056-9890</subfield>
</datafield>
<datafield tag="024" ind1="7" ind2=" ">
        <subfield code="a">10.1107/S2056989015008294</subfield>
        <subfield code="2">doi</subfield>
    </datafield>
<datafield tag="100" ind1="0" ind2=" ">
    <subfield code="a">Chen Xie</subfield>
</datafield>
<datafield tag="245" ind1="0" ind2="0">
    <subfield code="a">Crystal structure of poly[[μ-1,1′-(butane-1,4-diyl)bis(1H-benzimidazole)-κ2N3:N3′]{μ-4,4′-[1,4-phenylenebis(oxy)]dibenzoato-κ4O,O′:O′′,O′′′}cobalt(II)]</subfield>
</datafield>
<datafield tag="700" ind1="0" ind2=" ">
    <subfield code="a">ChangGe Zheng</subfield>
</datafield>
</record>