
<record>
<leader>     nab a22     uu 4500</leader>
<controlfield tag="001">8a1da1ef984a44b5ab679c1923c986b2</controlfield>
<datafield tag="022" ind1=" " ind2=" ">
    <subfield code="a">2056-9890</subfield>
</datafield>
<datafield tag="024" ind1="7" ind2=" ">
        <subfield code="a">10.1107/S2056989015008890</subfield>
        <subfield code="2">doi</subfield>
    </datafield>
<datafield tag="100" ind1="0" ind2=" ">
    <subfield code="a">Julia Werner</subfield>
</datafield>
<datafield tag="245" ind1="0" ind2="0">
    <subfield code="a">Crystal structure of poly[[μ-4-(hydroxymethyl)pyridine-κ2N:O][4-(hydroxymethyl)pyridine-κN](μ-thiocyanato-κ2N:S)(thiocyanato-κN)cadmium]</subfield>
</datafield>
<datafield tag="700" ind1="0" ind2=" ">
    <subfield code="a">Inke Jess</subfield>
</datafield>
<datafield tag="700" ind1="0" ind2=" ">
    <subfield code="a">Christian Näther</subfield>
</datafield>
</record>