
<record>
<leader>     nab a22     uu 4500</leader>
<controlfield tag="001">201d3220257646cda85cfba052ccd2fd</controlfield>
<datafield tag="022" ind1=" " ind2=" ">
    <subfield code="a">2056-9890</subfield>
</datafield>
<datafield tag="024" ind1="7" ind2=" ">
        <subfield code="a">10.1107/S2056989015009913</subfield>
        <subfield code="2">doi</subfield>
    </datafield>
<datafield tag="100" ind1="0" ind2=" ">
    <subfield code="a">Peter W. R. Corfield</subfield>
</datafield>
<datafield tag="245" ind1="0" ind2="0">
    <subfield code="a">Crystal structure of bis(1,1,2,2-tetramethyldiphosphane-1,2-dithione-κ2S,S′)copper(I) tetrafluoridoborate</subfield>
</datafield>
<datafield tag="700" ind1="0" ind2=" ">
    <subfield code="a">Uwe Seeler</subfield>
</datafield>
</record>