
<record>
<leader>     nab a22     uu 4500</leader>
<controlfield tag="001">aac042553c0e40d88d17d14af67dee85</controlfield>
<datafield tag="022" ind1=" " ind2=" ">
    <subfield code="a">2056-9890</subfield>
</datafield>
<datafield tag="024" ind1="7" ind2=" ">
        <subfield code="a">10.1107/S2056989015009330</subfield>
        <subfield code="2">doi</subfield>
    </datafield>
<datafield tag="100" ind1="0" ind2=" ">
    <subfield code="a">H. Purandara</subfield>
</datafield>
<datafield tag="245" ind1="0" ind2="0">
    <subfield code="a">Crystal structure of (E)-N-{2-[2-(4-methylbenzylidene)hydrazin-1-yl]-2-oxoethyl}-p-toluenesulfonamide</subfield>
</datafield>
<datafield tag="700" ind1="0" ind2=" ">
    <subfield code="a">Sabine Foro</subfield>
</datafield>
<datafield tag="700" ind1="0" ind2=" ">
    <subfield code="a">B. Thimme Gowda</subfield>
</datafield>
</record>