
<record>
<leader>     nab a22     uu 4500</leader>
<controlfield tag="001">ba97cfc45246463bb3269e88c5439c81</controlfield>
<datafield tag="022" ind1=" " ind2=" ">
    <subfield code="a">2056-9890</subfield>
</datafield>
<datafield tag="024" ind1="7" ind2=" ">
        <subfield code="a">10.1107/S2056989015008415</subfield>
        <subfield code="2">doi</subfield>
    </datafield>
<datafield tag="100" ind1="0" ind2=" ">
    <subfield code="a">Chao Wu</subfield>
</datafield>
<datafield tag="245" ind1="0" ind2="0">
    <subfield code="a">Crystal structure of poly[diaqua(μ2-benzene-1,4-dicarboxylato-κ2O1:O4)(μ2-benzene-1,4-dicarboxylato-κ4O1,O1′:O4,O4′)bis(μ2-3,3′,5,5′-tetramethyl-4,4′-bipyrazole-κ2N:N′)dinickel(II)]</subfield>
</datafield>
<datafield tag="700" ind1="0" ind2=" ">
    <subfield code="a">Peng Cao</subfield>
</datafield>
</record>