
<record>
<leader>     nab a22     uu 4500</leader>
<controlfield tag="001">e1969ba42db145588ef9f39dfbb53d69</controlfield>
<datafield tag="022" ind1=" " ind2=" ">
    <subfield code="a">2056-9890</subfield>
</datafield>
<datafield tag="024" ind1="7" ind2=" ">
        <subfield code="a">10.1107/S2056989015009639</subfield>
        <subfield code="2">doi</subfield>
    </datafield>
<datafield tag="100" ind1="0" ind2=" ">
    <subfield code="a">Radhika Sudheer</subfield>
</datafield>
<datafield tag="245" ind1="0" ind2="0">
    <subfield code="a">Crystal structure of aqua[(E)-N′-(5-bromo-2-oxidobenzylidene-κO)benzohydrazidato-κ2O,N′]dioxidomolybdenum(VI) dimethylformamide monosolvate</subfield>
</datafield>
<datafield tag="700" ind1="0" ind2=" ">
    <subfield code="a">M. Sithambaresan</subfield>
</datafield>
<datafield tag="700" ind1="0" ind2=" ">
    <subfield code="a">N. R. Sajitha</subfield>
</datafield>
<datafield tag="700" ind1="0" ind2=" ">
    <subfield code="a">E. Manoj</subfield>
</datafield>
<datafield tag="700" ind1="0" ind2=" ">
    <subfield code="a">M. R. Prathapachandra Kurup</subfield>
</datafield>
</record>