
<record>
<leader>     nab a22     uu 4500</leader>
<controlfield tag="001">4d0971ed31da488aa6f36d2a77c10bbd</controlfield>
<datafield tag="022" ind1=" " ind2=" ">
    <subfield code="a">2056-9890</subfield>
</datafield>
<datafield tag="024" ind1="7" ind2=" ">
        <subfield code="a">10.1107/S2056989015009743</subfield>
        <subfield code="2">doi</subfield>
    </datafield>
<datafield tag="100" ind1="0" ind2=" ">
    <subfield code="a">Gülçin Şefiye Aşkın</subfield>
</datafield>
<datafield tag="245" ind1="0" ind2="0">
    <subfield code="a">Crystal structure of triaqua(4-cyanobenzoato-κ2O,O′)(nicotinamide-κN1)zinc 4-cyanobenzoate</subfield>
</datafield>
<datafield tag="700" ind1="0" ind2=" ">
    <subfield code="a">Hacali Necefoğlu</subfield>
</datafield>
<datafield tag="700" ind1="0" ind2=" ">
    <subfield code="a">Gamze Yılmaz Nayir</subfield>
</datafield>
<datafield tag="700" ind1="0" ind2=" ">
    <subfield code="a">Raziye Çatak Çelik</subfield>
</datafield>
<datafield tag="700" ind1="0" ind2=" ">
    <subfield code="a">Tuncer Hökelek</subfield>
</datafield>
</record>