
<record>
<leader>     nab a22     uu 4500</leader>
<controlfield tag="001">ce38c13007da4954bb4c9a2721b9aa82</controlfield>
<datafield tag="022" ind1=" " ind2=" ">
    <subfield code="a">2056-9890</subfield>
</datafield>
<datafield tag="024" ind1="7" ind2=" ">
        <subfield code="a">10.1107/S2056989015009524</subfield>
        <subfield code="2">doi</subfield>
    </datafield>
<datafield tag="100" ind1="0" ind2=" ">
    <subfield code="a">Jun Luo</subfield>
</datafield>
<datafield tag="245" ind1="0" ind2="0">
    <subfield code="a">Crystal structures of (1,4,7,10-tetraazacyclododecane-κ4N)bis(tricyanomethanido-κN)nickel and (1,4,7,10-tetraazacyclododecane-κ4N)(tricyanomethanido-κN)copper tricyanomethanide</subfield>
</datafield>
<datafield tag="700" ind1="0" ind2=" ">
    <subfield code="a">Xin-Rong Zhang</subfield>
</datafield>
<datafield tag="700" ind1="0" ind2=" ">
    <subfield code="a">Li-Juan Qiu</subfield>
</datafield>
<datafield tag="700" ind1="0" ind2=" ">
    <subfield code="a">Feng Yang</subfield>
</datafield>
<datafield tag="700" ind1="0" ind2=" ">
    <subfield code="a">Bao-Shu Liu</subfield>
</datafield>
</record>