
<record>
<leader>     nab a22     uu 4500</leader>
<controlfield tag="001">c9da421f8f304f7dbd3635788d6f0832</controlfield>
<datafield tag="022" ind1=" " ind2=" ">
    <subfield code="a">2056-9890</subfield>
</datafield>
<datafield tag="024" ind1="7" ind2=" ">
        <subfield code="a">10.1107/S2056989015009664</subfield>
        <subfield code="2">doi</subfield>
    </datafield>
<datafield tag="100" ind1="0" ind2=" ">
    <subfield code="a">Zouaoui Setifi</subfield>
</datafield>
<datafield tag="245" ind1="0" ind2="0">
    <subfield code="a">Crystal structure of μ-cyanido-1:2κ2N:C-dicyanido-1κC,2κC-bis(quinolin-8-amine-1κ2N,N′)-2-silver(I)-1-silver(II): rare occurrence of a mixed-valence AgI,II compound</subfield>
</datafield>
<datafield tag="700" ind1="0" ind2=" ">
    <subfield code="a">Sylvain Bernès</subfield>
</datafield>
<datafield tag="700" ind1="0" ind2=" ">
    <subfield code="a">Olivier Pérez</subfield>
</datafield>
<datafield tag="700" ind1="0" ind2=" ">
    <subfield code="a">Fatima Setifi</subfield>
</datafield>
<datafield tag="700" ind1="0" ind2=" ">
    <subfield code="a">Djamil-Azzeddine Rouag</subfield>
</datafield>
</record>