
<record>
<leader>     nab a22     uu 4500</leader>
<controlfield tag="001">788f2bec19ff4ac3b62fcb8f7ea02540</controlfield>
<datafield tag="022" ind1=" " ind2=" ">
    <subfield code="a">2056-9890</subfield>
</datafield>
<datafield tag="024" ind1="7" ind2=" ">
        <subfield code="a">10.1107/S2056989015009263</subfield>
        <subfield code="2">doi</subfield>
    </datafield>
<datafield tag="100" ind1="0" ind2=" ">
    <subfield code="a">Take-aki Koizumi</subfield>
</datafield>
<datafield tag="245" ind1="0" ind2="0">
    <subfield code="a">Crystal structure of 1,13,14-triazadibenz[a,j]anthracene 1,1,2,2-tetrachloroethane monosolvate</subfield>
</datafield>
<datafield tag="700" ind1="0" ind2=" ">
    <subfield code="a">Tomohiro Hariu</subfield>
</datafield>
<datafield tag="700" ind1="0" ind2=" ">
    <subfield code="a">Yoshihisa Sei</subfield>
</datafield>
</record>