
<record>
<leader>     nab a22     uu 4500</leader>
<controlfield tag="001">8c53fb3144a34a7db1dd061abf5fd1b7</controlfield>
<datafield tag="022" ind1=" " ind2=" ">
    <subfield code="a">2056-9890</subfield>
</datafield>
<datafield tag="024" ind1="7" ind2=" ">
        <subfield code="a">10.1107/S205698901500907X</subfield>
        <subfield code="2">doi</subfield>
    </datafield>
<datafield tag="100" ind1="0" ind2=" ">
    <subfield code="a">Graham Smith</subfield>
</datafield>
<datafield tag="245" ind1="0" ind2="0">
    <subfield code="a">Crystal structures and hydrogen bonding in the anhydrous tryptaminium salts of the isomeric (2,4-dichlorophenoxy)acetic and (3,5-dichlorophenoxy)acetic acids</subfield>
</datafield>
<datafield tag="700" ind1="0" ind2=" ">
    <subfield code="a">Daniel E. Lynch</subfield>
</datafield>
</record>