
<record>
<leader>     nab a22     uu 4500</leader>
<controlfield tag="001">9306b2e3149f4b0f9577a7a89ab6bebb</controlfield>
<datafield tag="022" ind1=" " ind2=" ">
    <subfield code="a">2056-9890</subfield>
</datafield>
<datafield tag="024" ind1="7" ind2=" ">
        <subfield code="a">10.1107/S2056989015009184</subfield>
        <subfield code="2">doi</subfield>
    </datafield>
<datafield tag="100" ind1="0" ind2=" ">
    <subfield code="a">Dohyun Moon</subfield>
</datafield>
<datafield tag="245" ind1="0" ind2="0">
    <subfield code="a">Crystal structure of trans-bis(ethane-1,2-diamine-κ2N,N′)bis(thiocyanato-κN)chromium(III) perchlorate from synchrotron data</subfield>
</datafield>
<datafield tag="700" ind1="0" ind2=" ">
    <subfield code="a">Jong-Ha Choi</subfield>
</datafield>
</record>