
<record>
<leader>     nab a22     uu 4500</leader>
<controlfield tag="001">c8ea0221074c468abc3664d56031a8eb</controlfield>
<datafield tag="022" ind1=" " ind2=" ">
    <subfield code="a">2056-9890</subfield>
</datafield>
<datafield tag="024" ind1="7" ind2=" ">
        <subfield code="a">10.1107/S2056989015009391</subfield>
        <subfield code="2">doi</subfield>
    </datafield>
<datafield tag="100" ind1="0" ind2=" ">
    <subfield code="a">Xin Zhang</subfield>
</datafield>
<datafield tag="245" ind1="0" ind2="0">
    <subfield code="a">Crystal structure of aqua{μ-N-[3-(dimethylamino)propyl]-N′-2-(oxidophenyl)oxamidato}(1,10-phenanthroline-5,6-dione)dicopper(II) perchlorate hemihydrate</subfield>
</datafield>
<datafield tag="700" ind1="0" ind2=" ">
    <subfield code="a">Yan-Tuan Li</subfield>
</datafield>
<datafield tag="700" ind1="0" ind2=" ">
    <subfield code="a">Zhi-Yong Wu</subfield>
</datafield>
</record>