
<record>
<leader>     nab a22     uu 4500</leader>
<controlfield tag="001">12c85a141dc14551ad0ab159c626fa72</controlfield>
<datafield tag="022" ind1=" " ind2=" ">
    <subfield code="a">2056-9890</subfield>
</datafield>
<datafield tag="024" ind1="7" ind2=" ">
        <subfield code="a">10.1107/S2056989015008476</subfield>
        <subfield code="2">doi</subfield>
    </datafield>
<datafield tag="100" ind1="0" ind2=" ">
    <subfield code="a">Jamie R. Kerr</subfield>
</datafield>
<datafield tag="245" ind1="0" ind2="0">
    <subfield code="a">Crystal structures of four indole derivatives as possible cannabinoid allosteric antagonists</subfield>
</datafield>
<datafield tag="700" ind1="0" ind2=" ">
    <subfield code="a">Laurent Trembleau</subfield>
</datafield>
<datafield tag="700" ind1="0" ind2=" ">
    <subfield code="a">John M. D. Storey</subfield>
</datafield>
<datafield tag="700" ind1="0" ind2=" ">
    <subfield code="a">James L. Wardell</subfield>
</datafield>
<datafield tag="700" ind1="0" ind2=" ">
    <subfield code="a">William T. A. Harrison</subfield>
</datafield>
</record>