
<record>
<leader>     nab a22     uu 4500</leader>
<controlfield tag="001">8469b381cde445c6a160f1fea4fb5756</controlfield>
<datafield tag="022" ind1=" " ind2=" ">
    <subfield code="a">2056-9890</subfield>
</datafield>
<datafield tag="024" ind1="7" ind2=" ">
        <subfield code="a">10.1107/S2056989015009135</subfield>
        <subfield code="2">doi</subfield>
    </datafield>
<datafield tag="100" ind1="0" ind2=" ">
    <subfield code="a">Hea-Chung Joo</subfield>
</datafield>
<datafield tag="245" ind1="0" ind2="0">
    <subfield code="a">Crystal structure of pentapotassium dihydrogen nonavanadato(V)platinate(IV) nonahydrate</subfield>
</datafield>
<datafield tag="700" ind1="0" ind2=" ">
    <subfield code="a">Uk Lee</subfield>
</datafield>
</record>