
<record>
<leader>     nab a22     uu 4500</leader>
<controlfield tag="001">9de6a96bc63b48358647e0d90245ea5f</controlfield>
<datafield tag="022" ind1=" " ind2=" ">
    <subfield code="a">2056-9890</subfield>
</datafield>
<datafield tag="024" ind1="7" ind2=" ">
        <subfield code="a">10.1107/S205698901500910X</subfield>
        <subfield code="2">doi</subfield>
    </datafield>
<datafield tag="100" ind1="0" ind2=" ">
    <subfield code="a">Mohamad Alem Bouhassine</subfield>
</datafield>
<datafield tag="245" ind1="0" ind2="0">
    <subfield code="a">Crystal structure of CsCrAs2O7, a new member of the diarsenate family</subfield>
</datafield>
<datafield tag="700" ind1="0" ind2=" ">
    <subfield code="a">Habib Boughzala</subfield>
</datafield>
</record>