
<record>
<leader>     nab a22     uu 4500</leader>
<controlfield tag="001">6daae08d975c413bb64f4615ae40b58c</controlfield>
<datafield tag="022" ind1=" " ind2=" ">
    <subfield code="a">2056-9890</subfield>
</datafield>
<datafield tag="024" ind1="7" ind2=" ">
        <subfield code="a">10.1107/S2056989015008774</subfield>
        <subfield code="2">doi</subfield>
    </datafield>
<datafield tag="100" ind1="0" ind2=" ">
    <subfield code="a">A. Dominic Fortes</subfield>
</datafield>
<datafield tag="245" ind1="0" ind2="0">
    <subfield code="a">Crystal structures of spinel-type Na2MoO4 and Na2WO4 revisited using neutron powder diffraction</subfield>
</datafield>
</record>