
<record>
<leader>     nab a22     uu 4500</leader>
<controlfield tag="001">5c2e251af8e6404c898bb9ae4c6de724</controlfield>
<datafield tag="022" ind1=" " ind2=" ">
    <subfield code="a">2056-9890</subfield>
</datafield>
<datafield tag="024" ind1="7" ind2=" ">
        <subfield code="a">10.1107/S2056989015008737</subfield>
        <subfield code="2">doi</subfield>
    </datafield>
<datafield tag="100" ind1="0" ind2=" ">
    <subfield code="a">Amira Souilem</subfield>
</datafield>
<datafield tag="245" ind1="0" ind2="0">
    <subfield code="a">Synthèse et étude structrale de lyonsite-type (Na0,4,Li0,6)(Fe,Li2)(MoO4)3</subfield>
</datafield>
<datafield tag="700" ind1="0" ind2=" ">
    <subfield code="a">Mohamed Faouzi Zid</subfield>
</datafield>
<datafield tag="700" ind1="0" ind2=" ">
    <subfield code="a">Ahmed Driss</subfield>
</datafield>
</record>