
<record>
<leader>     nab a22     uu 4500</leader>
<controlfield tag="001">390faf059890416698ec49060e6a9c19</controlfield>
<datafield tag="022" ind1=" " ind2=" ">
    <subfield code="a">2056-9890</subfield>
</datafield>
<datafield tag="024" ind1="7" ind2=" ">
        <subfield code="a">10.1107/S2056989015008506</subfield>
        <subfield code="2">doi</subfield>
    </datafield>
<datafield tag="100" ind1="0" ind2=" ">
    <subfield code="a">H. Purandara</subfield>
</datafield>
<datafield tag="245" ind1="0" ind2="0">
    <subfield code="a">Crystal structure of (E)-N-{2-[2-(3-chlorobenzylidene)hydrazinyl]-2-oxoethyl}-4-methylbenzenesulfonamide monohydrate</subfield>
</datafield>
<datafield tag="700" ind1="0" ind2=" ">
    <subfield code="a">Sabine Foro</subfield>
</datafield>
<datafield tag="700" ind1="0" ind2=" ">
    <subfield code="a">B. Thimme Gowda</subfield>
</datafield>
</record>