
<record>
<leader>     nab a22     uu 4500</leader>
<controlfield tag="001">fcbee9edd8fa4198a83f26da8207b900</controlfield>
<datafield tag="022" ind1=" " ind2=" ">
    <subfield code="a">2056-9890</subfield>
</datafield>
<datafield tag="024" ind1="7" ind2=" ">
        <subfield code="a">10.1107/S2056989015008944</subfield>
        <subfield code="2">doi</subfield>
    </datafield>
<datafield tag="100" ind1="0" ind2=" ">
    <subfield code="a">Rafaela Nita</subfield>
</datafield>
<datafield tag="245" ind1="0" ind2="0">
    <subfield code="a">Crystal structure of catena-poly[[chlorido(4,4′-dimethyl-2,2′-bipyridine-κ2N,N′)copper(II)]-μ-chlorido]</subfield>
</datafield>
<datafield tag="700" ind1="0" ind2=" ">
    <subfield code="a">Jeffrey R. Deschamps</subfield>
</datafield>
<datafield tag="700" ind1="0" ind2=" ">
    <subfield code="a">Scott A. Trammell</subfield>
</datafield>
<datafield tag="700" ind1="0" ind2=" ">
    <subfield code="a">D. Andrew Knight</subfield>
</datafield>
</record>