
<record>
<leader>     nab a22     uu 4500</leader>
<controlfield tag="001">0c7f087bfdd448a0b0383a70c81bcf27</controlfield>
<datafield tag="022" ind1=" " ind2=" ">
    <subfield code="a">2056-9890</subfield>
</datafield>
<datafield tag="024" ind1="7" ind2=" ">
        <subfield code="a">10.1107/S2056989015008750</subfield>
        <subfield code="2">doi</subfield>
    </datafield>
<datafield tag="100" ind1="0" ind2=" ">
    <subfield code="a">Brandon Quillian</subfield>
</datafield>
<datafield tag="245" ind1="0" ind2="0">
    <subfield code="a">Isolation of 3-amino-4-nitrobenzyl acetate: evidence of an undisclosed impurity in 5-amino-2-nitrobenzoic acid</subfield>
</datafield>
<datafield tag="700" ind1="0" ind2=" ">
    <subfield code="a">Jordan Hendricks</subfield>
</datafield>
<datafield tag="700" ind1="0" ind2=" ">
    <subfield code="a">Matthew Trivitayakhun</subfield>
</datafield>
<datafield tag="700" ind1="0" ind2=" ">
    <subfield code="a">Clifford W. Padgett</subfield>
</datafield>
</record>