
<record>
<leader>     nab a22     uu 4500</leader>
<controlfield tag="001">e277c39fe5d04b4e8d2c13374f5dfcbc</controlfield>
<datafield tag="022" ind1=" " ind2=" ">
    <subfield code="a">2056-9890</subfield>
</datafield>
<datafield tag="024" ind1="7" ind2=" ">
        <subfield code="a">10.1107/S2056989015008221</subfield>
        <subfield code="2">doi</subfield>
    </datafield>
<datafield tag="100" ind1="0" ind2=" ">
    <subfield code="a">P. Raghavendra Kumar</subfield>
</datafield>
<datafield tag="245" ind1="0" ind2="0">
    <subfield code="a">Crystal structure of (2-chloroethyl)[2-(methylsulfanyl)benzyl]ammonium chloride</subfield>
</datafield>
<datafield tag="700" ind1="0" ind2=" ">
    <subfield code="a">Upereti Shailesh</subfield>
</datafield>
<datafield tag="700" ind1="0" ind2=" ">
    <subfield code="a">B. S. Palakshamurthy</subfield>
</datafield>
</record>