
<record>
<leader>     nab a22     uu 4500</leader>
<controlfield tag="001">4e12790ca02c48e18fd47b64e7cd6828</controlfield>
<datafield tag="022" ind1=" " ind2=" ">
    <subfield code="a">2056-9890</subfield>
</datafield>
<datafield tag="024" ind1="7" ind2=" ">
        <subfield code="a">10.1107/S205698901500835X</subfield>
        <subfield code="2">doi</subfield>
    </datafield>
<datafield tag="100" ind1="0" ind2=" ">
    <subfield code="a">François Eya&apos;ane Meva</subfield>
</datafield>
<datafield tag="245" ind1="0" ind2="0">
    <subfield code="a">Crystal structure of an unknown solvate of bis(tetra-n-butylammonium) [N,N′-(4-trifluoromethyl-1,2-phenylene)bis(oxamato)-κ4O,N,N′,O′]nickelate(II)</subfield>
</datafield>
<datafield tag="700" ind1="0" ind2=" ">
    <subfield code="a">Dieter Schaarschmidt</subfield>
</datafield>
<datafield tag="700" ind1="0" ind2=" ">
    <subfield code="a">Tobias Rüffer</subfield>
</datafield>
</record>