
<record>
<leader>     nab a22     uu 4500</leader>
<controlfield tag="001">a9b51399c82e41219d9def8fe6904cfd</controlfield>
<datafield tag="022" ind1=" " ind2=" ">
    <subfield code="a">2056-9890</subfield>
</datafield>
<datafield tag="024" ind1="7" ind2=" ">
        <subfield code="a">10.1107/S2056989015008063</subfield>
        <subfield code="2">doi</subfield>
    </datafield>
<datafield tag="100" ind1="0" ind2=" ">
    <subfield code="a">R. Raja</subfield>
</datafield>
<datafield tag="245" ind1="0" ind2="0">
    <subfield code="a">Crystal structures of methyl 3-(4-isopropylphenyl)-1-methyl-1,2,3,3a,4,9b-hexahydrothiochromeno[4,3-b]pyrrole-3a-carboxylate, methyl 1-methyl-3-(o-tolyl)-1,2,3,3a,4,9b-hexahydrothiochromeno[4,3-b]pyrrole-3a-carboxylate and methyl 1-methyl-3-(o-tolyl)-3,3a,4,9b-tetrahydro-1H-thiochromeno[4,3-c]isoxazole-3a-carboxylate</subfield>
</datafield>
<datafield tag="700" ind1="0" ind2=" ">
    <subfield code="a">M. Suresh</subfield>
</datafield>
<datafield tag="700" ind1="0" ind2=" ">
    <subfield code="a">R. Raghunathan</subfield>
</datafield>
<datafield tag="700" ind1="0" ind2=" ">
    <subfield code="a">A. SubbiahPandi</subfield>
</datafield>
</record>