
<record>
<leader>     nab a22     uu 4500</leader>
<controlfield tag="001">4a2db57406b0479892b477224d7c9cd8</controlfield>
<datafield tag="022" ind1=" " ind2=" ">
    <subfield code="a">2056-9890</subfield>
</datafield>
<datafield tag="024" ind1="7" ind2=" ">
        <subfield code="a">10.1107/S2056989015008191</subfield>
        <subfield code="2">doi</subfield>
    </datafield>
<datafield tag="100" ind1="0" ind2=" ">
    <subfield code="a">Shaaban K. Mohamed</subfield>
</datafield>
<datafield tag="245" ind1="0" ind2="0">
    <subfield code="a">Crystal structure of 1-{3-acetyl-2-(4-chlorophenyl)-6-hydroxy-4-[(2-hydroxypropyl)amino]-6-methylcyclohex-3-en-1-yl}ethanone</subfield>
</datafield>
<datafield tag="700" ind1="0" ind2=" ">
    <subfield code="a">Joel T. Mague</subfield>
</datafield>
<datafield tag="700" ind1="0" ind2=" ">
    <subfield code="a">Mehmet Akkurt</subfield>
</datafield>
<datafield tag="700" ind1="0" ind2=" ">
    <subfield code="a">Antar A. Abdelhamid</subfield>
</datafield>
<datafield tag="700" ind1="0" ind2=" ">
    <subfield code="a">Mustafa R. Albayati</subfield>
</datafield>
</record>