
<record>
<leader>     nab a22     uu 4500</leader>
<controlfield tag="001">1a841dda3afc4aed99e550d0fed6ce88</controlfield>
<datafield tag="022" ind1=" " ind2=" ">
    <subfield code="a">2056-9890</subfield>
</datafield>
<datafield tag="024" ind1="7" ind2=" ">
        <subfield code="a">10.1107/S2056989015008166</subfield>
        <subfield code="2">doi</subfield>
    </datafield>
<datafield tag="100" ind1="0" ind2=" ">
    <subfield code="a">Aijian Wang</subfield>
</datafield>
<datafield tag="245" ind1="0" ind2="0">
    <subfield code="a">Crystal structure of 2-butylsulfanyl-4,6-bis[(E)-styryl]pyrimidine</subfield>
</datafield>
<datafield tag="700" ind1="0" ind2=" ">
    <subfield code="a">Guanghui Li</subfield>
</datafield>
</record>