
<record>
<leader>     nab a22     uu 4500</leader>
<controlfield tag="001">807a27c1ca814cff802e03ca13356d81</controlfield>
<datafield tag="022" ind1=" " ind2=" ">
    <subfield code="a">2056-9890</subfield>
</datafield>
<datafield tag="024" ind1="7" ind2=" ">
        <subfield code="a">10.1107/S2056989015007653</subfield>
        <subfield code="2">doi</subfield>
    </datafield>
<datafield tag="100" ind1="0" ind2=" ">
    <subfield code="a">B. K. Revathi</subfield>
</datafield>
<datafield tag="245" ind1="0" ind2="0">
    <subfield code="a">Crystal structure of 4-methyl-N-[2-(piperidin-1-yl)ethyl]benzamide monohydrate</subfield>
</datafield>
<datafield tag="700" ind1="0" ind2=" ">
    <subfield code="a">D. Reuben Jonathan</subfield>
</datafield>
<datafield tag="700" ind1="0" ind2=" ">
    <subfield code="a">S. Sathya</subfield>
</datafield>
<datafield tag="700" ind1="0" ind2=" ">
    <subfield code="a">K. Prathebha</subfield>
</datafield>
<datafield tag="700" ind1="0" ind2=" ">
    <subfield code="a">G. Usha</subfield>
</datafield>
</record>