
<record>
<leader>     nab a22     uu 4500</leader>
<controlfield tag="001">f98c0461bc47450c92ec9423c443e8fd</controlfield>
<datafield tag="022" ind1=" " ind2=" ">
    <subfield code="a">2056-9890</subfield>
</datafield>
<datafield tag="024" ind1="7" ind2=" ">
        <subfield code="a">10.1107/S205698901500763X</subfield>
        <subfield code="2">doi</subfield>
    </datafield>
<datafield tag="100" ind1="0" ind2=" ">
    <subfield code="a">Alyssa A. Kulesza</subfield>
</datafield>
<datafield tag="245" ind1="0" ind2="0">
    <subfield code="a">Crystal structure of bis(3,3-dimethyl-2-oxobutyl)diphenylphosphonium bromide chloroform monosolvate</subfield>
</datafield>
<datafield tag="700" ind1="0" ind2=" ">
    <subfield code="a">Richard J. Staples</subfield>
</datafield>
<datafield tag="700" ind1="0" ind2=" ">
    <subfield code="a">Shannon M. Biros</subfield>
</datafield>
</record>