
<record>
<leader>     nab a22     uu 4500</leader>
<controlfield tag="001">632287109fe449a791481e979ebec8cc</controlfield>
<datafield tag="022" ind1=" " ind2=" ">
    <subfield code="a">2056-9890</subfield>
</datafield>
<datafield tag="024" ind1="7" ind2=" ">
        <subfield code="a">10.1107/S2056989015008075</subfield>
        <subfield code="2">doi</subfield>
    </datafield>
<datafield tag="100" ind1="0" ind2=" ">
    <subfield code="a">Ganlin Zhao</subfield>
</datafield>
<datafield tag="245" ind1="0" ind2="0">
    <subfield code="a">Crystal structure of N-(4-chlorophenyl)benzothioamide</subfield>
</datafield>
</record>