
<record>
<leader>     nab a22     uu 4500</leader>
<controlfield tag="001">e4e721c597b54853bcbab0303ff01659</controlfield>
<datafield tag="022" ind1=" " ind2=" ">
    <subfield code="a">2056-9890</subfield>
</datafield>
<datafield tag="024" ind1="7" ind2=" ">
        <subfield code="a">10.1107/S205698901500701X</subfield>
        <subfield code="2">doi</subfield>
    </datafield>
<datafield tag="100" ind1="0" ind2=" ">
    <subfield code="a">Huma Bano</subfield>
</datafield>
<datafield tag="245" ind1="0" ind2="0">
    <subfield code="a">Cystal structre of 5-hydroxy-2-nitrobenzaldehyde</subfield>
</datafield>
<datafield tag="700" ind1="0" ind2=" ">
    <subfield code="a">Sammer Yousuf</subfield>
</datafield>
</record>