
<record>
<leader>     nab a22     uu 4500</leader>
<controlfield tag="001">61dca10600e647b5bd1e7325efbef79c</controlfield>
<datafield tag="022" ind1=" " ind2=" ">
    <subfield code="a">2056-9890</subfield>
</datafield>
<datafield tag="024" ind1="7" ind2=" ">
        <subfield code="a">10.1107/S2056989015007252</subfield>
        <subfield code="2">doi</subfield>
    </datafield>
<datafield tag="100" ind1="0" ind2=" ">
    <subfield code="a">Caiyun Shu</subfield>
</datafield>
<datafield tag="245" ind1="0" ind2="0">
    <subfield code="a">Crystal structure of ({4-[(4-bromophenyl)ethynyl]-3,5-diethylphenyl}ethynyl)triisopropylsilane</subfield>
</datafield>
<datafield tag="700" ind1="0" ind2=" ">
    <subfield code="a">Graeme J. Moxey</subfield>
</datafield>
<datafield tag="700" ind1="0" ind2=" ">
    <subfield code="a">Adam Barlow</subfield>
</datafield>
<datafield tag="700" ind1="0" ind2=" ">
    <subfield code="a">Mahbod Morshedi</subfield>
</datafield>
</record>