
<record>
<leader>     nab a22     uu 4500</leader>
<controlfield tag="001">f59f22f322cf432c94c7bcaf541c98fd</controlfield>
<datafield tag="022" ind1=" " ind2=" ">
    <subfield code="a">2056-9890</subfield>
</datafield>
<datafield tag="024" ind1="7" ind2=" ">
        <subfield code="a">10.1107/S2056989015006891</subfield>
        <subfield code="2">doi</subfield>
    </datafield>
<datafield tag="100" ind1="0" ind2=" ">
    <subfield code="a">H. C. Devarajegowda</subfield>
</datafield>
<datafield tag="245" ind1="0" ind2="0">
    <subfield code="a">Crystal structure of bis(4-methoxyphenyl) malonate</subfield>
</datafield>
<datafield tag="700" ind1="0" ind2=" ">
    <subfield code="a">P. A. Suchetan</subfield>
</datafield>
<datafield tag="700" ind1="0" ind2=" ">
    <subfield code="a">S. Sreenivasa</subfield>
</datafield>
<datafield tag="700" ind1="0" ind2=" ">
    <subfield code="a">H. T. Srinivasa</subfield>
</datafield>
<datafield tag="700" ind1="0" ind2=" ">
    <subfield code="a">B. S. Palakshamurthy</subfield>
</datafield>
</record>