
<record>
<leader>     nab a22     uu 4500</leader>
<controlfield tag="001">b13436abc2204ec6a370e8d627655996</controlfield>
<datafield tag="022" ind1=" " ind2=" ">
    <subfield code="a">2056-9890</subfield>
</datafield>
<datafield tag="024" ind1="7" ind2=" ">
        <subfield code="a">10.1107/S2056989015006921</subfield>
        <subfield code="2">doi</subfield>
    </datafield>
<datafield tag="100" ind1="0" ind2=" ">
    <subfield code="a">G. Vimala</subfield>
</datafield>
<datafield tag="245" ind1="0" ind2="0">
    <subfield code="a">Crystal structure of 4-(2-azidophenyl)-5-benzoyl-2-(1H-indol-3-yl)-1H-pyrrole-3-carbonitrile</subfield>
</datafield>
<datafield tag="700" ind1="0" ind2=" ">
    <subfield code="a">J. Kamal Raja</subfield>
</datafield>
<datafield tag="700" ind1="0" ind2=" ">
    <subfield code="a">Y. Amina Naaz</subfield>
</datafield>
<datafield tag="700" ind1="0" ind2=" ">
    <subfield code="a">P. T. Preumal</subfield>
</datafield>
<datafield tag="700" ind1="0" ind2=" ">
    <subfield code="a">A. SubbiahPandi</subfield>
</datafield>
</record>