
<record>
<leader>     nab a22     uu 4500</leader>
<controlfield tag="001">74f5a81013f74e1186f9517d199e0c40</controlfield>
<datafield tag="022" ind1=" " ind2=" ">
    <subfield code="a">2056-9890</subfield>
</datafield>
<datafield tag="024" ind1="7" ind2=" ">
        <subfield code="a">10.1107/S205698901500732X</subfield>
        <subfield code="2">doi</subfield>
    </datafield>
<datafield tag="100" ind1="0" ind2=" ">
    <subfield code="a">Jasmine Viger-Gravel</subfield>
</datafield>
<datafield tag="245" ind1="0" ind2="0">
    <subfield code="a">Crystal structure of tetraethylammonium chloride 3,4,5,6-tetrafluoro-1,2-diiodobenzene</subfield>
</datafield>
<datafield tag="700" ind1="0" ind2=" ">
    <subfield code="a">Ilia Korobkov</subfield>
</datafield>
<datafield tag="700" ind1="0" ind2=" ">
    <subfield code="a">David L. Bryce</subfield>
</datafield>
</record>