
<record>
<leader>     nab a22     uu 4500</leader>
<controlfield tag="001">4786c8acdb314c5faa195abaac78f972</controlfield>
<datafield tag="022" ind1=" " ind2=" ">
    <subfield code="a">2056-9890</subfield>
</datafield>
<datafield tag="024" ind1="7" ind2=" ">
        <subfield code="a">10.1107/S2056989015007185</subfield>
        <subfield code="2">doi</subfield>
    </datafield>
<datafield tag="100" ind1="0" ind2=" ">
    <subfield code="a">Zhiwei Chen</subfield>
</datafield>
<datafield tag="245" ind1="0" ind2="0">
    <subfield code="a">Crystal structure of (E)-1-(4-tert-butylphenyl)-2-(4-iodophenyl)ethene</subfield>
</datafield>
<datafield tag="700" ind1="0" ind2=" ">
    <subfield code="a">Graeme J. Moxey</subfield>
</datafield>
</record>