
<record>
<leader>     nab a22     uu 4500</leader>
<controlfield tag="001">0b1dc61ea3d04fdab63237125269e80a</controlfield>
<datafield tag="022" ind1=" " ind2=" ">
    <subfield code="a">2056-9890</subfield>
</datafield>
<datafield tag="024" ind1="7" ind2=" ">
        <subfield code="a">10.1107/S2056989015006593</subfield>
        <subfield code="2">doi</subfield>
    </datafield>
<datafield tag="100" ind1="0" ind2=" ">
    <subfield code="a">Jasmine Viger-Gravel</subfield>
</datafield>
<datafield tag="245" ind1="0" ind2="0">
    <subfield code="a">Crystal structure of tetrabutylammonium bromide–1,2-diiodo-3,4,5,6-tetrafluorobenzene–dichloromethane (2/2/1)</subfield>
</datafield>
<datafield tag="700" ind1="0" ind2=" ">
    <subfield code="a">Ilia Korobkov</subfield>
</datafield>
<datafield tag="700" ind1="0" ind2=" ">
    <subfield code="a">David L. Bryce</subfield>
</datafield>
</record>