
<record>
<leader>     nab a22     uu 4500</leader>
<controlfield tag="001">c0b86a9c56564e90b454d8bd33447d23</controlfield>
<datafield tag="022" ind1=" " ind2=" ">
    <subfield code="a">2056-9890</subfield>
</datafield>
<datafield tag="024" ind1="7" ind2=" ">
        <subfield code="a">10.1107/S2056989015006374</subfield>
        <subfield code="2">doi</subfield>
    </datafield>
<datafield tag="100" ind1="0" ind2=" ">
    <subfield code="a">Suresh Shalini</subfield>
</datafield>
<datafield tag="245" ind1="0" ind2="0">
    <subfield code="a">Crystal structure of 2-{(E)-[(2-hydroxyphenyl)iminiumyl]methyl}-4-methylphenolate</subfield>
</datafield>
<datafield tag="700" ind1="0" ind2=" ">
    <subfield code="a">C. R. Girija</subfield>
</datafield>
<datafield tag="700" ind1="0" ind2=" ">
    <subfield code="a">Mukesh M. Jotani</subfield>
</datafield>
<datafield tag="700" ind1="0" ind2=" ">
    <subfield code="a">C. D. Sathish</subfield>
</datafield>
<datafield tag="700" ind1="0" ind2=" ">
    <subfield code="a">T. V. Venkatesha</subfield>
</datafield>
</record>