
<record>
<leader>     nab a22     uu 4500</leader>
<controlfield tag="001">1017c3d592404a408cdea5459fa35370</controlfield>
<datafield tag="022" ind1=" " ind2=" ">
    <subfield code="a">2056-9890</subfield>
</datafield>
<datafield tag="024" ind1="7" ind2=" ">
        <subfield code="a">10.1107/S2056989015006416</subfield>
        <subfield code="2">doi</subfield>
    </datafield>
<datafield tag="100" ind1="0" ind2=" ">
    <subfield code="a">Shaaban K. Mohamed</subfield>
</datafield>
<datafield tag="245" ind1="0" ind2="0">
    <subfield code="a">Crystal structure of methyl 2-hydroxy-5-[(4-oxo-4,5-dihydro-1,3-thiazol-2-yl)amino]benzoate</subfield>
</datafield>
<datafield tag="700" ind1="0" ind2=" ">
    <subfield code="a">Joel T. Mague</subfield>
</datafield>
<datafield tag="700" ind1="0" ind2=" ">
    <subfield code="a">Mehmet Akkurt</subfield>
</datafield>
<datafield tag="700" ind1="0" ind2=" ">
    <subfield code="a">Hajjaj H. M. Abdu-Allah</subfield>
</datafield>
<datafield tag="700" ind1="0" ind2=" ">
    <subfield code="a">Mustafa R. Albayati</subfield>
</datafield>
</record>