
<record>
<leader>     nab a22     uu 4500</leader>
<controlfield tag="001">0a9b860a849347548a96d5dad3755d06</controlfield>
<datafield tag="022" ind1=" " ind2=" ">
    <subfield code="a">2056-9890</subfield>
</datafield>
<datafield tag="024" ind1="7" ind2=" ">
        <subfield code="a">10.1107/S2056989015006313</subfield>
        <subfield code="2">doi</subfield>
    </datafield>
<datafield tag="100" ind1="0" ind2=" ">
    <subfield code="a">Rika Obata</subfield>
</datafield>
<datafield tag="245" ind1="0" ind2="0">
    <subfield code="a">Crystal structure of 5,5′-dibromo-3,3′-di-tert-butyl-6,6′-dimethylbiphenyl-2,2′-diol</subfield>
</datafield>
<datafield tag="700" ind1="0" ind2=" ">
    <subfield code="a">Shigeru Ohba</subfield>
</datafield>
<datafield tag="700" ind1="0" ind2=" ">
    <subfield code="a">Yasuaki Einaga</subfield>
</datafield>
<datafield tag="700" ind1="0" ind2=" ">
    <subfield code="a">Shigeru Nishiyama</subfield>
</datafield>
</record>