
<record>
<leader>     nab a22     uu 4500</leader>
<controlfield tag="001">45bb7f4247214a489e0e9502044f07e7</controlfield>
<datafield tag="022" ind1=" " ind2=" ">
    <subfield code="a">2056-9890</subfield>
</datafield>
<datafield tag="024" ind1="7" ind2=" ">
        <subfield code="a">10.1107/S2056989015007513</subfield>
        <subfield code="2">doi</subfield>
    </datafield>
<datafield tag="100" ind1="0" ind2=" ">
    <subfield code="a">Weilun Wang</subfield>
</datafield>
<datafield tag="245" ind1="0" ind2="0">
    <subfield code="a">Crystal structure of tetrakis(μ3-2-{[1,1-bis(hydroxymethyl)-2-oxidoethyl]iminomethyl}phenolato)tetracopper(II) ethanol monosolvate 2.5-hydrate</subfield>
</datafield>
<datafield tag="700" ind1="0" ind2=" ">
    <subfield code="a">Jingwen Ran</subfield>
</datafield>
</record>