
<record>
<leader>     nab a22     uu 4500</leader>
<controlfield tag="001">7b0ff34471864c16a59d2a19e53336e7</controlfield>
<datafield tag="022" ind1=" " ind2=" ">
    <subfield code="a">2056-9890</subfield>
</datafield>
<datafield tag="024" ind1="7" ind2=" ">
        <subfield code="a">10.1107/S2056989015006799</subfield>
        <subfield code="2">doi</subfield>
    </datafield>
<datafield tag="100" ind1="0" ind2=" ">
    <subfield code="a">Gerhard Laus</subfield>
</datafield>
<datafield tag="245" ind1="0" ind2="0">
    <subfield code="a">Crystal structure of 1-[2-(diethylazaniumyl)ethyl]-3-methylimidazolium tetrachloridocuprate(II)</subfield>
</datafield>
<datafield tag="700" ind1="0" ind2=" ">
    <subfield code="a">Volker Kahlenberg</subfield>
</datafield>
<datafield tag="700" ind1="0" ind2=" ">
    <subfield code="a">Herwig Schottenberger</subfield>
</datafield>
</record>