
<record>
<leader>     nab a22     uu 4500</leader>
<controlfield tag="001">c5e1dafdf0e94c0fa98ddfbf9bb27d59</controlfield>
<datafield tag="022" ind1=" " ind2=" ">
    <subfield code="a">2056-9890</subfield>
</datafield>
<datafield tag="024" ind1="7" ind2=" ">
        <subfield code="a">10.1107/S2056989015007719</subfield>
        <subfield code="2">doi</subfield>
    </datafield>
<datafield tag="100" ind1="0" ind2=" ">
    <subfield code="a">Chen Hou</subfield>
</datafield>
<datafield tag="245" ind1="0" ind2="0">
    <subfield code="a">Crystal structure of catena-poly[[[tetraaquazinc(II)]-μ-1,4-bis[4-(1H-imidazol-1-yl)benzoyl]piperazine] dinitrate monohydrate]</subfield>
</datafield>
<datafield tag="700" ind1="0" ind2=" ">
    <subfield code="a">Hong-Mei Gan</subfield>
</datafield>
<datafield tag="700" ind1="0" ind2=" ">
    <subfield code="a">Jia-Cheng Liu</subfield>
</datafield>
</record>