
<record>
<leader>     nab a22     uu 4500</leader>
<controlfield tag="001">1fb7160ed4be421ea52dd8382b4fb1f2</controlfield>
<datafield tag="022" ind1=" " ind2=" ">
    <subfield code="a">2056-9890</subfield>
</datafield>
<datafield tag="024" ind1="7" ind2=" ">
        <subfield code="a">10.1107/S2056989015007008</subfield>
        <subfield code="2">doi</subfield>
    </datafield>
<datafield tag="100" ind1="0" ind2=" ">
    <subfield code="a">Hayet Anana</subfield>
</datafield>
<datafield tag="245" ind1="0" ind2="0">
    <subfield code="a">Hydrothermal synthesis and crystal structure of a new lanthanum(III) coordination polymer with fumaric acid</subfield>
</datafield>
<datafield tag="700" ind1="0" ind2=" ">
    <subfield code="a">Chahrazed Trifa</subfield>
</datafield>
<datafield tag="700" ind1="0" ind2=" ">
    <subfield code="a">Sofiane Bouacida</subfield>
</datafield>
<datafield tag="700" ind1="0" ind2=" ">
    <subfield code="a">Chaouki Boudaren</subfield>
</datafield>
<datafield tag="700" ind1="0" ind2=" ">
    <subfield code="a">Hocine Merazig</subfield>
</datafield>
</record>