
<record>
<leader>     nab a22     uu 4500</leader>
<controlfield tag="001">4ec8ec53e5de4035b077cc3d9aaca541</controlfield>
<datafield tag="022" ind1=" " ind2=" ">
    <subfield code="a">2056-9890</subfield>
</datafield>
<datafield tag="024" ind1="7" ind2=" ">
        <subfield code="a">10.1107/S2056989015007987</subfield>
        <subfield code="2">doi</subfield>
    </datafield>
<datafield tag="100" ind1="0" ind2=" ">
    <subfield code="a">Takeshi Kawasaki</subfield>
</datafield>
<datafield tag="245" ind1="0" ind2="0">
    <subfield code="a">Crystal structure of μ-peroxido-κ4O1,O2:O1′,O2′-bis[(nitrato-κO)(2,2′:6′,2′′-terpyridine-κ3N,N′,N′′)dioxidouranium(VI)]</subfield>
</datafield>
<datafield tag="700" ind1="0" ind2=" ">
    <subfield code="a">Takafumi Kitazawa</subfield>
</datafield>
</record>