
<record>
<leader>     nab a22     uu 4500</leader>
<controlfield tag="001">191051f8fbf445c5bbfb192b32fc096e</controlfield>
<datafield tag="022" ind1=" " ind2=" ">
    <subfield code="a">2056-9890</subfield>
</datafield>
<datafield tag="024" ind1="7" ind2=" ">
        <subfield code="a">10.1107/S2056989015008014</subfield>
        <subfield code="2">doi</subfield>
    </datafield>
<datafield tag="100" ind1="0" ind2=" ">
    <subfield code="a">Jin-Jin Yan</subfield>
</datafield>
<datafield tag="245" ind1="0" ind2="0">
    <subfield code="a">Crystal structure of (4-fluorophenyl-κC1)iodido(N,N,N′,N′-tetramethylethylenediamine-κ2N,N′)palladium(II)</subfield>
</datafield>
<datafield tag="700" ind1="0" ind2=" ">
    <subfield code="a">Chang-Ge Zheng</subfield>
</datafield>
</record>