
<record>
<leader>     nab a22     uu 4500</leader>
<controlfield tag="001">315e2e4f49b047f4ba64dbacda2e5ed6</controlfield>
<datafield tag="022" ind1=" " ind2=" ">
    <subfield code="a">2056-9890</subfield>
</datafield>
<datafield tag="024" ind1="7" ind2=" ">
        <subfield code="a">10.1107/S2056989015008270</subfield>
        <subfield code="2">doi</subfield>
    </datafield>
<datafield tag="100" ind1="0" ind2=" ">
    <subfield code="a">Gülçin Şefiye Aşkın</subfield>
</datafield>
<datafield tag="245" ind1="0" ind2="0">
    <subfield code="a">Crystal structure of trans-diaquabis(4-cyanobenzoato-κO)bis(nicotinamide-κN1)cobalt(II)</subfield>
</datafield>
<datafield tag="700" ind1="0" ind2=" ">
    <subfield code="a">Hacali Necefoğlu</subfield>
</datafield>
<datafield tag="700" ind1="0" ind2=" ">
    <subfield code="a">Gamze Yılmaz Nayir</subfield>
</datafield>
<datafield tag="700" ind1="0" ind2=" ">
    <subfield code="a">Raziye Çatak Çelik</subfield>
</datafield>
<datafield tag="700" ind1="0" ind2=" ">
    <subfield code="a">Tuncer Hökelek</subfield>
</datafield>
</record>