
<record>
<leader>     nab a22     uu 4500</leader>
<controlfield tag="001">100fa162fc014acbb63d72978792c951</controlfield>
<datafield tag="022" ind1=" " ind2=" ">
    <subfield code="a">2056-9890</subfield>
</datafield>
<datafield tag="024" ind1="7" ind2=" ">
        <subfield code="a">10.1107/S2056989015008105</subfield>
        <subfield code="2">doi</subfield>
    </datafield>
<datafield tag="100" ind1="0" ind2=" ">
    <subfield code="a">C. Golz</subfield>
</datafield>
<datafield tag="245" ind1="0" ind2="0">
    <subfield code="a">Crystal structure of [2-(triethylammonio)ethyl][(2,4,6-triisopropylphenyl)sulfonyl]amide tetrahydrate</subfield>
</datafield>
<datafield tag="700" ind1="0" ind2=" ">
    <subfield code="a">C. Strohmann</subfield>
</datafield>
</record>