
<record>
<leader>     nab a22     uu 4500</leader>
<controlfield tag="001">ad85ddcfdbea4aaa99f1b68efce44387</controlfield>
<datafield tag="022" ind1=" " ind2=" ">
    <subfield code="a">2056-9890</subfield>
</datafield>
<datafield tag="024" ind1="7" ind2=" ">
        <subfield code="a">10.1107/S205698901500818X</subfield>
        <subfield code="2">doi</subfield>
    </datafield>
<datafield tag="100" ind1="0" ind2=" ">
    <subfield code="a">Haliwana B. V. Sowmya</subfield>
</datafield>
<datafield tag="245" ind1="0" ind2="0">
    <subfield code="a">The crystal structure of 3-chloro-2-(4-methylphenyl)-2H-pyrazolo[3,4-b]quinoline</subfield>
</datafield>
<datafield tag="700" ind1="0" ind2=" ">
    <subfield code="a">Tholappanavara H. Suresha Kumara</subfield>
</datafield>
<datafield tag="700" ind1="0" ind2=" ">
    <subfield code="a">Jerry P. Jasinski</subfield>
</datafield>
<datafield tag="700" ind1="0" ind2=" ">
    <subfield code="a">Sean P. Millikan</subfield>
</datafield>
<datafield tag="700" ind1="0" ind2=" ">
    <subfield code="a">Hemmige S. Yathirajan</subfield>
</datafield>
<datafield tag="700" ind1="0" ind2=" ">
    <subfield code="a">Christopher Glidewell</subfield>
</datafield>
</record>