
<record>
<leader>     nab a22     uu 4500</leader>
<controlfield tag="001">05b960778a7042d7bcdf7cc168b4780a</controlfield>
<datafield tag="022" ind1=" " ind2=" ">
    <subfield code="a">2056-9890</subfield>
</datafield>
<datafield tag="024" ind1="7" ind2=" ">
        <subfield code="a">10.1107/S2056989015006477</subfield>
        <subfield code="2">doi</subfield>
    </datafield>
<datafield tag="100" ind1="0" ind2=" ">
    <subfield code="a">Sowmianarayanan Parimala</subfield>
</datafield>
<datafield tag="245" ind1="0" ind2="0">
    <subfield code="a">Crystal structure of (2-formylphenolato-κ2O,O′)oxido(2-{[(2-oxidoethyl)imino]methyl}phenolato-κ3O,N,O′)vanadium(V)</subfield>
</datafield>
<datafield tag="700" ind1="0" ind2=" ">
    <subfield code="a">Parasuraman Selvam</subfield>
</datafield>
</record>