
<record>
<leader>     nab a22     uu 4500</leader>
<controlfield tag="001">83589121038f4b5a9f4c281b88e573af</controlfield>
<datafield tag="022" ind1=" " ind2=" ">
    <subfield code="a">2056-9890</subfield>
</datafield>
<datafield tag="024" ind1="7" ind2=" ">
        <subfield code="a">10.1107/S205698901500626X</subfield>
        <subfield code="2">doi</subfield>
    </datafield>
<datafield tag="100" ind1="0" ind2=" ">
    <subfield code="a">Yan Liu</subfield>
</datafield>
<datafield tag="245" ind1="0" ind2="0">
    <subfield code="a">Crystal structure of catena-poly[[[aquabis(1H-imidazole-κN3)copper(II)]-μ-3-({4-[(2-carboxylatoethyl)carbamoyl]phenyl}formamido)propanoato-κ2O:O′] dihydrate]</subfield>
</datafield>
<datafield tag="700" ind1="0" ind2=" ">
    <subfield code="a">Liu-Yang Xu</subfield>
</datafield>
<datafield tag="700" ind1="0" ind2=" ">
    <subfield code="a">Hong-Tao Zhang</subfield>
</datafield>
</record>