
<record>
<leader>     nab a22     uu 4500</leader>
<controlfield tag="001">9b4010df0f7b4c5b91d53c0cf47d6829</controlfield>
<datafield tag="022" ind1=" " ind2=" ">
    <subfield code="a">2056-9890</subfield>
</datafield>
<datafield tag="024" ind1="7" ind2=" ">
        <subfield code="a">10.1107/S2056989015007859</subfield>
        <subfield code="2">doi</subfield>
    </datafield>
<datafield tag="100" ind1="0" ind2=" ">
    <subfield code="a">Ligia R. Gomes</subfield>
</datafield>
<datafield tag="245" ind1="0" ind2="0">
    <subfield code="a">New insights in the discovery of novel h-MAO-B inhibitors: structural characterization of a series of N-phenyl-4-oxo-4H-chromene-3-carboxamide derivatives</subfield>
</datafield>
<datafield tag="700" ind1="0" ind2=" ">
    <subfield code="a">John Nicolson Low</subfield>
</datafield>
<datafield tag="700" ind1="0" ind2=" ">
    <subfield code="a">Fernando Cagide</subfield>
</datafield>
<datafield tag="700" ind1="0" ind2=" ">
    <subfield code="a">Daniel Chavarria</subfield>
</datafield>
<datafield tag="700" ind1="0" ind2=" ">
    <subfield code="a">Fernanda Borges</subfield>
</datafield>
</record>