
<record>
<leader>     nab a22     uu 4500</leader>
<controlfield tag="001">dbb13efe4af248f0aa78bf1f61040827</controlfield>
<datafield tag="022" ind1=" " ind2=" ">
    <subfield code="a">2056-9890</subfield>
</datafield>
<datafield tag="024" ind1="7" ind2=" ">
        <subfield code="a">10.1107/S2056989015007707</subfield>
        <subfield code="2">doi</subfield>
    </datafield>
<datafield tag="100" ind1="0" ind2=" ">
    <subfield code="a">Marwa Mghandef</subfield>
</datafield>
<datafield tag="245" ind1="0" ind2="0">
    <subfield code="a">Crystal structure of bis(2-amino-5-chloropyridinium) tetrachloridocobaltate(II)</subfield>
</datafield>
<datafield tag="700" ind1="0" ind2=" ">
    <subfield code="a">Habib Boughzala</subfield>
</datafield>
</record>