
<record>
<leader>     nab a22     uu 4500</leader>
<controlfield tag="001">4ccb36367d424026ba3dd3598d972c5c</controlfield>
<datafield tag="022" ind1=" " ind2=" ">
    <subfield code="a">2056-9890</subfield>
</datafield>
<datafield tag="024" ind1="7" ind2=" ">
        <subfield code="a">10.1107/S2056989015006672</subfield>
        <subfield code="2">doi</subfield>
    </datafield>
<datafield tag="100" ind1="0" ind2=" ">
    <subfield code="a">Joseph S. Merola</subfield>
</datafield>
<datafield tag="245" ind1="0" ind2="0">
    <subfield code="a">Crystal structure of di-μ-chlorido-bis[dichloridobis(methanol-κO)iridium(III)] dihydrate: a surprisingly simple chloridoiridium(III) dinuclear complex with methanol ligands</subfield>
</datafield>
<datafield tag="700" ind1="0" ind2=" ">
    <subfield code="a">Carla Slebodnick</subfield>
</datafield>
<datafield tag="700" ind1="0" ind2=" ">
    <subfield code="a">Christopher Houser</subfield>
</datafield>
</record>