
<record>
<leader>     nab a22     uu 4500</leader>
<controlfield tag="001">097631cd793e4de0ab961368b6403d32</controlfield>
<datafield tag="022" ind1=" " ind2=" ">
    <subfield code="a">2056-9890</subfield>
</datafield>
<datafield tag="024" ind1="7" ind2=" ">
        <subfield code="a">10.1107/S2056989015007446</subfield>
        <subfield code="2">doi</subfield>
    </datafield>
<datafield tag="100" ind1="0" ind2=" ">
    <subfield code="a">Wanda I. Pérez</subfield>
</datafield>
<datafield tag="245" ind1="0" ind2="0">
    <subfield code="a">Crystal structure of bis[4-(1H-pyrrol-1-yl)phenyl] ferrocene-1,1′-dicarboxylate: a potential chemotherapeutic drug</subfield>
</datafield>
<datafield tag="700" ind1="0" ind2=" ">
    <subfield code="a">Arnold L. Rheingold</subfield>
</datafield>
<datafield tag="700" ind1="0" ind2=" ">
    <subfield code="a">Enrique Meléndez</subfield>
</datafield>
</record>