
<record>
<leader>     nab a22     uu 4500</leader>
<controlfield tag="001">bec817049a0649f88cf0eff6c66c3150</controlfield>
<datafield tag="022" ind1=" " ind2=" ">
    <subfield code="a">2056-9890</subfield>
</datafield>
<datafield tag="024" ind1="7" ind2=" ">
        <subfield code="a">10.1107/S2056989015006994</subfield>
        <subfield code="2">doi</subfield>
    </datafield>
<datafield tag="100" ind1="0" ind2=" ">
    <subfield code="a">Erin G. Leach</subfield>
</datafield>
<datafield tag="245" ind1="0" ind2="0">
    <subfield code="a">Crystal structures of 1-(4-chlorophenyl)-2-(diphenylphosphoryl)ethan-1-one and 1-(diphenylphosphoryl)-3,3-dimethylbutan-2-one</subfield>
</datafield>
<datafield tag="700" ind1="0" ind2=" ">
    <subfield code="a">Alyssa A. Kulesza</subfield>
</datafield>
<datafield tag="700" ind1="0" ind2=" ">
    <subfield code="a">Richard J. Staples</subfield>
</datafield>
<datafield tag="700" ind1="0" ind2=" ">
    <subfield code="a">Shannon M. Biros</subfield>
</datafield>
</record>