
<record>
<leader>     nab a22     uu 4500</leader>
<controlfield tag="001">507f5623f12a466d919cd73bf5797db9</controlfield>
<datafield tag="022" ind1=" " ind2=" ">
    <subfield code="a">2056-9890</subfield>
</datafield>
<datafield tag="024" ind1="7" ind2=" ">
        <subfield code="a">10.1107/S2056989015007422</subfield>
        <subfield code="2">doi</subfield>
    </datafield>
<datafield tag="100" ind1="0" ind2=" ">
    <subfield code="a">Wayland E. Noland</subfield>
</datafield>
<datafield tag="245" ind1="0" ind2="0">
    <subfield code="a">Crystal structure of rac-(3a&apos;R,9a&apos;R)-3a&apos;-(indol-3-yl)-1′,2′,3′,3a&apos;,4′,9a&apos;-hexahydrospiro[cyclopentane-1,9′-pentaleno[1,2-b]indole] p-xylene hemisolvate</subfield>
</datafield>
<datafield tag="700" ind1="0" ind2=" ">
    <subfield code="a">Matthew A. Worth</subfield>
</datafield>
<datafield tag="700" ind1="0" ind2=" ">
    <subfield code="a">Andrew K. Schneerer</subfield>
</datafield>
<datafield tag="700" ind1="0" ind2=" ">
    <subfield code="a">Courtney L. Paal</subfield>
</datafield>
<datafield tag="700" ind1="0" ind2=" ">
    <subfield code="a">Kenneth J. Tritch</subfield>
</datafield>
</record>