
<record>
<leader>     nab a22     uu 4500</leader>
<controlfield tag="001">1cf9a43df42d4525ae8ad7e08072effe</controlfield>
<datafield tag="022" ind1=" " ind2=" ">
    <subfield code="a">2056-9890</subfield>
</datafield>
<datafield tag="024" ind1="7" ind2=" ">
        <subfield code="a">10.1107/S2056989015007367</subfield>
        <subfield code="2">doi</subfield>
    </datafield>
<datafield tag="100" ind1="0" ind2=" ">
    <subfield code="a">K. Salorinne</subfield>
</datafield>
<datafield tag="245" ind1="0" ind2="0">
    <subfield code="a">Crystal structure of 5-{3-[2,6-dimethyl-4-(5-methyl-1,2,4-oxadiazol-3-yl)phenoxy]propyl}-N-(11-hydroxyundecyl)isoxazole-3-carboxamide hemihydrate</subfield>
</datafield>
<datafield tag="700" ind1="0" ind2=" ">
    <subfield code="a">T. Lahtinen</subfield>
</datafield>
</record>