
<record>
<leader>     nab a22     uu 4500</leader>
<controlfield tag="001">6ff4ea9c8764486795e790497837437a</controlfield>
<datafield tag="022" ind1=" " ind2=" ">
    <subfield code="a">2056-9890</subfield>
</datafield>
<datafield tag="024" ind1="7" ind2=" ">
        <subfield code="a">10.1107/S2056989015007379</subfield>
        <subfield code="2">doi</subfield>
    </datafield>
<datafield tag="100" ind1="0" ind2=" ">
    <subfield code="a">Tarek Ben Rhaiem</subfield>
</datafield>
<datafield tag="245" ind1="0" ind2="0">
    <subfield code="a">Crystal structure of a new hybrid antimony–halide-based compound for possible non-linear optical applications</subfield>
</datafield>
<datafield tag="700" ind1="0" ind2=" ">
    <subfield code="a">Habib Boughzala</subfield>
</datafield>
</record>