
<record>
<leader>     nab a22     uu 4500</leader>
<controlfield tag="001">d68169ab30194f5db7b83071eb7c4ae1</controlfield>
<datafield tag="022" ind1=" " ind2=" ">
    <subfield code="a">2056-9890</subfield>
</datafield>
<datafield tag="024" ind1="7" ind2=" ">
        <subfield code="a">10.1107/S2056989015006787</subfield>
        <subfield code="2">doi</subfield>
    </datafield>
<datafield tag="100" ind1="0" ind2=" ">
    <subfield code="a">Krishnasamy Mamallan</subfield>
</datafield>
<datafield tag="245" ind1="0" ind2="0">
    <subfield code="a">Crystal structure of 2,4-diamino-6-oxo-3,6-dihydropyrimidin-1-ium p-toluenesulfonate</subfield>
</datafield>
<datafield tag="700" ind1="0" ind2=" ">
    <subfield code="a">Sadasivam Sharmila Tagore</subfield>
</datafield>
<datafield tag="700" ind1="0" ind2=" ">
    <subfield code="a">Sundaramoorthy Gomathi</subfield>
</datafield>
<datafield tag="700" ind1="0" ind2=" ">
    <subfield code="a">Velusamy Sethuraman</subfield>
</datafield>
</record>