
<record>
<leader>     nab a22     uu 4500</leader>
<controlfield tag="001">a156f380fcc24fbdae5d6c2d2073dd00</controlfield>
<datafield tag="022" ind1=" " ind2=" ">
    <subfield code="a">2056-9890</subfield>
</datafield>
<datafield tag="024" ind1="7" ind2=" ">
        <subfield code="a">10.1107/S2056989015006714</subfield>
        <subfield code="2">doi</subfield>
    </datafield>
<datafield tag="100" ind1="0" ind2=" ">
    <subfield code="a">Noriko Chikaraishi Kasuga</subfield>
</datafield>
<datafield tag="245" ind1="0" ind2="0">
    <subfield code="a">Packing polymorphism in the crystal structure of 4,5-dimethoxy-2-nitrobenzyl acetate</subfield>
</datafield>
<datafield tag="700" ind1="0" ind2=" ">
    <subfield code="a">Yusuke Saito</subfield>
</datafield>
<datafield tag="700" ind1="0" ind2=" ">
    <subfield code="a">Hiroyasu Sato</subfield>
</datafield>
<datafield tag="700" ind1="0" ind2=" ">
    <subfield code="a">Kazuo Yamaguchi</subfield>
</datafield>
</record>