
<record>
<leader>     nab a22     uu 4500</leader>
<controlfield tag="001">72c114b172b84c8f8411354b594f6ed9</controlfield>
<datafield tag="022" ind1=" " ind2=" ">
    <subfield code="a">2056-9890</subfield>
</datafield>
<datafield tag="024" ind1="7" ind2=" ">
        <subfield code="a">10.1107/S2056989015006520</subfield>
        <subfield code="2">doi</subfield>
    </datafield>
<datafield tag="100" ind1="0" ind2=" ">
    <subfield code="a">Rusul Alabada</subfield>
</datafield>
<datafield tag="245" ind1="0" ind2="0">
    <subfield code="a">Crystal structure of poly[μ2-aqua-aqua(μ2-4-nitro-2,5,6-trioxo-1,2,5,6-tetrahydropyridin-3-olato)hemi-μ4-oxalato-barium(II)]</subfield>
</datafield>
<datafield tag="700" ind1="0" ind2=" ">
    <subfield code="a">Olga Kovalchukova</subfield>
</datafield>
<datafield tag="700" ind1="0" ind2=" ">
    <subfield code="a">Irina Polyakova</subfield>
</datafield>
<datafield tag="700" ind1="0" ind2=" ">
    <subfield code="a">Svetlana Strashnova</subfield>
</datafield>
<datafield tag="700" ind1="0" ind2=" ">
    <subfield code="a">Vladimir Sergienko</subfield>
</datafield>
</record>