
<record>
<leader>     nab a22     uu 4500</leader>
<controlfield tag="001">1f5f01e89e31424c98e08a1b43f6772c</controlfield>
<datafield tag="022" ind1=" " ind2=" ">
    <subfield code="a">2056-9890</subfield>
</datafield>
<datafield tag="024" ind1="7" ind2=" ">
        <subfield code="a">10.1107/S2056989015005563</subfield>
        <subfield code="2">doi</subfield>
    </datafield>
<datafield tag="100" ind1="0" ind2=" ">
    <subfield code="a">Mikhail E. Minyaev</subfield>
</datafield>
<datafield tag="245" ind1="0" ind2="0">
    <subfield code="a">Crystal structure of [bis(2,6-diisopropylphenyl) phosphato-κO]tris(methanol-κO)lithium methanol monosolvate</subfield>
</datafield>
<datafield tag="700" ind1="0" ind2=" ">
    <subfield code="a">Ilya E. Nifant&apos;ev</subfield>
</datafield>
<datafield tag="700" ind1="0" ind2=" ">
    <subfield code="a">Alexander N. Tavtorkin</subfield>
</datafield>
<datafield tag="700" ind1="0" ind2=" ">
    <subfield code="a">Sof&apos;ya A. Korchagina</subfield>
</datafield>
<datafield tag="700" ind1="0" ind2=" ">
    <subfield code="a">Shadana Sh. Zeynalova</subfield>
</datafield>
</record>