
<record>
<leader>     nab a22     uu 4500</leader>
<controlfield tag="001">daeedb7f729c45db8f52727a47ef6d3b</controlfield>
<datafield tag="022" ind1=" " ind2=" ">
    <subfield code="a">2056-9890</subfield>
</datafield>
<datafield tag="024" ind1="7" ind2=" ">
        <subfield code="a">10.1107/S2056989015003564</subfield>
        <subfield code="2">doi</subfield>
    </datafield>
<datafield tag="100" ind1="0" ind2=" ">
    <subfield code="a">P. L. Nilantha Lakshman</subfield>
</datafield>
<datafield tag="245" ind1="0" ind2="0">
    <subfield code="a">Corrigenda for three related articles</subfield>
</datafield>
</record>