
<record>
<leader>     nab a22     uu 4500</leader>
<controlfield tag="001">d053f19043f8497aab8bffe1f347a3a4</controlfield>
<datafield tag="022" ind1=" " ind2=" ">
    <subfield code="a">2056-9890</subfield>
</datafield>
<datafield tag="024" ind1="7" ind2=" ">
        <subfield code="a">10.1107/S2056989015005113</subfield>
        <subfield code="2">doi</subfield>
    </datafield>
<datafield tag="100" ind1="0" ind2=" ">
    <subfield code="a">Jasim Alshawi</subfield>
</datafield>
<datafield tag="245" ind1="0" ind2="0">
    <subfield code="a">Crystal structure of diethyl 3,3′-{2,2′-(1E)-[1,4-phenylenebis(azan-1-yl-1-ylidene)]bis(methan-1-yl-1-ylidene)bis(1H-pyrrole-2,1-diyl)}dipropanoate</subfield>
</datafield>
<datafield tag="700" ind1="0" ind2=" ">
    <subfield code="a">Muoayed Yousif</subfield>
</datafield>
<datafield tag="700" ind1="0" ind2=" ">
    <subfield code="a">Gregore Timco</subfield>
</datafield>
<datafield tag="700" ind1="0" ind2=" ">
    <subfield code="a">Inigo J. Vitorica Yrezabal</subfield>
</datafield>
<datafield tag="700" ind1="0" ind2=" ">
    <subfield code="a">Richard Winpenny</subfield>
</datafield>
<datafield tag="700" ind1="0" ind2=" ">
    <subfield code="a">Mohamad J. Al-Jeboori</subfield>
</datafield>
</record>