
<record>
<leader>     nab a22     uu 4500</leader>
<controlfield tag="001">a571fb9551504ad9814ca67a7cb93a75</controlfield>
<datafield tag="022" ind1=" " ind2=" ">
    <subfield code="a">2056-9890</subfield>
</datafield>
<datafield tag="024" ind1="7" ind2=" ">
        <subfield code="a">10.1107/S2056989015004272</subfield>
        <subfield code="2">doi</subfield>
    </datafield>
<datafield tag="100" ind1="0" ind2=" ">
    <subfield code="a">Sumesh Nicholas</subfield>
</datafield>
<datafield tag="245" ind1="0" ind2="0">
    <subfield code="a">The tripeptide N-Cbz-βGly-Gly-Gly-Obz</subfield>
</datafield>
</record>