
<record>
<leader>     nab a22     uu 4500</leader>
<controlfield tag="001">f02963cd667b4c8788c893a7aa23235f</controlfield>
<datafield tag="022" ind1=" " ind2=" ">
    <subfield code="a">2056-9890</subfield>
</datafield>
<datafield tag="024" ind1="7" ind2=" ">
        <subfield code="a">10.1107/S2056989015003965</subfield>
        <subfield code="2">doi</subfield>
    </datafield>
<datafield tag="100" ind1="0" ind2=" ">
    <subfield code="a">Andrea Stierle</subfield>
</datafield>
<datafield tag="245" ind1="0" ind2="0">
    <subfield code="a">Redetermination and absolute configuration of berkeleydione</subfield>
</datafield>
<datafield tag="700" ind1="0" ind2=" ">
    <subfield code="a">Donald Stierle</subfield>
</datafield>
<datafield tag="700" ind1="0" ind2=" ">
    <subfield code="a">Daniel Decato</subfield>
</datafield>
</record>