
<record>
<leader>     nab a22     uu 4500</leader>
<controlfield tag="001">b2bc5583d23448c6a8aaddc98700ff2e</controlfield>
<datafield tag="022" ind1=" " ind2=" ">
    <subfield code="a">2056-9890</subfield>
</datafield>
<datafield tag="024" ind1="7" ind2=" ">
        <subfield code="a">10.1107/S2056989015005034</subfield>
        <subfield code="2">doi</subfield>
    </datafield>
<datafield tag="100" ind1="0" ind2=" ">
    <subfield code="a">Nur Shuhada Mohd Mokhtaruddin</subfield>
</datafield>
<datafield tag="245" ind1="0" ind2="0">
    <subfield code="a">Crystal structure of 3-methylpyridine-2-carbaldehyde 4-methylthiosemicarbazone monohydrate</subfield>
</datafield>
<datafield tag="700" ind1="0" ind2=" ">
    <subfield code="a">Thahira Begum S. A. Ravoof</subfield>
</datafield>
<datafield tag="700" ind1="0" ind2=" ">
    <subfield code="a">Mohamed Ibrahim Mohamed Tahir</subfield>
</datafield>
<datafield tag="700" ind1="0" ind2=" ">
    <subfield code="a">Edward R. T. Tiekink</subfield>
</datafield>
</record>