
<record>
<leader>     nab a22     uu 4500</leader>
<controlfield tag="001">de8ae52a474e4d44bd3793129abf6733</controlfield>
<datafield tag="022" ind1=" " ind2=" ">
    <subfield code="a">2056-9890</subfield>
</datafield>
<datafield tag="024" ind1="7" ind2=" ">
        <subfield code="a">10.1107/S2056989015004764</subfield>
        <subfield code="2">doi</subfield>
    </datafield>
<datafield tag="100" ind1="0" ind2=" ">
    <subfield code="a">NurFadhilah Abdul Aziz</subfield>
</datafield>
<datafield tag="245" ind1="0" ind2="0">
    <subfield code="a">Crystal structure of benzyl 3-(3-methylphenyl)dithiocarbazate</subfield>
</datafield>
<datafield tag="700" ind1="0" ind2=" ">
    <subfield code="a">Enis Nadia Md Yusof</subfield>
</datafield>
<datafield tag="700" ind1="0" ind2=" ">
    <subfield code="a">Thahira Begum S. A. Ravoof</subfield>
</datafield>
<datafield tag="700" ind1="0" ind2=" ">
    <subfield code="a">Edward R. T. Tiekink</subfield>
</datafield>
</record>