
<record>
<leader>     nab a22     uu 4500</leader>
<controlfield tag="001">5e0685e12fb6467c84faf14adac71751</controlfield>
<datafield tag="022" ind1=" " ind2=" ">
    <subfield code="a">2056-9890</subfield>
</datafield>
<datafield tag="024" ind1="7" ind2=" ">
        <subfield code="a">10.1107/S2056989015004144</subfield>
        <subfield code="2">doi</subfield>
    </datafield>
<datafield tag="100" ind1="0" ind2=" ">
    <subfield code="a">Muniyappan Govindhan</subfield>
</datafield>
<datafield tag="245" ind1="0" ind2="0">
    <subfield code="a">Crystal structure of 2-(4-fluoro-3-methylphenyl)-5-{[(naphthalen-1-yl)oxy]methyl}-1,3,4-oxadiazole</subfield>
</datafield>
<datafield tag="700" ind1="0" ind2=" ">
    <subfield code="a">Kathavarayan Subramanian</subfield>
</datafield>
<datafield tag="700" ind1="0" ind2=" ">
    <subfield code="a">Vijayan Viswanathan</subfield>
</datafield>
<datafield tag="700" ind1="0" ind2=" ">
    <subfield code="a">Devadasan Velmurugan</subfield>
</datafield>
</record>