
<record>
<leader>     nab a22     uu 4500</leader>
<controlfield tag="001">55e980a27dae47c3ac6c07d327a65afd</controlfield>
<datafield tag="022" ind1=" " ind2=" ">
    <subfield code="a">2056-9890</subfield>
</datafield>
<datafield tag="024" ind1="7" ind2=" ">
        <subfield code="a">10.1107/S2056989015004387</subfield>
        <subfield code="2">doi</subfield>
    </datafield>
<datafield tag="100" ind1="0" ind2=" ">
    <subfield code="a">M. S. Krishnamurthy</subfield>
</datafield>
<datafield tag="245" ind1="0" ind2="0">
    <subfield code="a">Crystal structure of 4-azidomethyl-6-isopropyl-2H-chromen-2-one</subfield>
</datafield>
<datafield tag="700" ind1="0" ind2=" ">
    <subfield code="a">Noor Shahina Begum</subfield>
</datafield>
<datafield tag="700" ind1="0" ind2=" ">
    <subfield code="a">D. Shamala</subfield>
</datafield>
<datafield tag="700" ind1="0" ind2=" ">
    <subfield code="a">K. Shivashankar</subfield>
</datafield>
</record>