
<record>
<leader>     nab a22     uu 4500</leader>
<controlfield tag="001">19f98048e9aa4607adde5d2c19ddd45d</controlfield>
<datafield tag="022" ind1=" " ind2=" ">
    <subfield code="a">2056-9890</subfield>
</datafield>
<datafield tag="024" ind1="7" ind2=" ">
        <subfield code="a">10.1107/S2056989015004041</subfield>
        <subfield code="2">doi</subfield>
    </datafield>
<datafield tag="100" ind1="0" ind2=" ">
    <subfield code="a">Adrián Pérez-Redondo</subfield>
</datafield>
<datafield tag="245" ind1="0" ind2="0">
    <subfield code="a">Crystal structure of μ-oxido-1,1′κ2O:O-bis{tetra-μ-oxido-1:2κ2O:O;1:3κ2O:O;2:3κ4O:O-tris[1,2,3(η5)-pentamethylcyclopentadienyl]-trianglo-trititanium(IV)}</subfield>
</datafield>
<datafield tag="700" ind1="0" ind2=" ">
    <subfield code="a">Avelino Martín</subfield>
</datafield>
</record>