
<record>
<leader>     nab a22     uu 4500</leader>
<controlfield tag="001">88b2fca5a09c46d9a2916d498d2dffad</controlfield>
<datafield tag="022" ind1=" " ind2=" ">
    <subfield code="a">2056-9890</subfield>
</datafield>
<datafield tag="024" ind1="7" ind2=" ">
        <subfield code="a">10.1107/S2056989015005022</subfield>
        <subfield code="2">doi</subfield>
    </datafield>
<datafield tag="100" ind1="0" ind2=" ">
    <subfield code="a">Konstantin Obydennov</subfield>
</datafield>
<datafield tag="245" ind1="0" ind2="0">
    <subfield code="a">Crystal structure of bis{(Z)-(benzylamino)[(5Z)-2-(benzylimino-κN)-5-(2-methoxy-2-oxoethylidene)-4-oxothiolan-3-ylidene]methanethiolato-κS}copper(II)</subfield>
</datafield>
<datafield tag="700" ind1="0" ind2=" ">
    <subfield code="a">Liliya Khamidullina</subfield>
</datafield>
<datafield tag="700" ind1="0" ind2=" ">
    <subfield code="a">Pavel Slepukhin</subfield>
</datafield>
<datafield tag="700" ind1="0" ind2=" ">
    <subfield code="a">Yury Morzherin</subfield>
</datafield>
</record>