
<record>
<leader>     nab a22     uu 4500</leader>
<controlfield tag="001">377e14ecb80b42ccbaad8aa923af9871</controlfield>
<datafield tag="022" ind1=" " ind2=" ">
    <subfield code="a">2056-9890</subfield>
</datafield>
<datafield tag="024" ind1="7" ind2=" ">
        <subfield code="a">10.1107/S2056989015005150</subfield>
        <subfield code="2">doi</subfield>
    </datafield>
<datafield tag="100" ind1="0" ind2=" ">
    <subfield code="a">Arunpatcha Nimthong-Roldán</subfield>
</datafield>
<datafield tag="245" ind1="0" ind2="0">
    <subfield code="a">Crystal structure of tris[μ2-bis(diphenylphosphanyl)methane-κ2P:P′]di-μ3-bromido-trisilver(I) bromide–N,N′-phenylthiourea (1/1)</subfield>
</datafield>
<datafield tag="700" ind1="0" ind2=" ">
    <subfield code="a">Yupa Wattanakanjana</subfield>
</datafield>
<datafield tag="700" ind1="0" ind2=" ">
    <subfield code="a">Jintana Rodkeaw</subfield>
</datafield>
</record>