
<record>
<leader>     nab a22     uu 4500</leader>
<controlfield tag="001">cd7e6a2ea67043f1a80ad599b0378ee0</controlfield>
<datafield tag="022" ind1=" " ind2=" ">
    <subfield code="a">2056-9890</subfield>
</datafield>
<datafield tag="024" ind1="7" ind2=" ">
        <subfield code="a">10.1107/S205698901500420X</subfield>
        <subfield code="2">doi</subfield>
    </datafield>
<datafield tag="100" ind1="0" ind2=" ">
    <subfield code="a">Ying Lv</subfield>
</datafield>
<datafield tag="245" ind1="0" ind2="0">
    <subfield code="a">Crystal structure of a binuclear nickel(II) complex constructed of 1H-imidazo[4,5-f][1,10]phenanthroline and doubly deprotonated benzene-1,3,5-tricarboxylic acid</subfield>
</datafield>
<datafield tag="700" ind1="0" ind2=" ">
    <subfield code="a">Xiang-Rong Hao</subfield>
</datafield>
</record>