
<record>
<leader>     nab a22     uu 4500</leader>
<controlfield tag="001">8a1f8da229b446e79d8073d4b2373b19</controlfield>
<datafield tag="022" ind1=" " ind2=" ">
    <subfield code="a">2056-9890</subfield>
</datafield>
<datafield tag="024" ind1="7" ind2=" ">
        <subfield code="a">10.1107/S2056989015005307</subfield>
        <subfield code="2">doi</subfield>
    </datafield>
<datafield tag="100" ind1="0" ind2=" ">
    <subfield code="a">María de los Angeles Mendoza</subfield>
</datafield>
<datafield tag="245" ind1="0" ind2="0">
    <subfield code="a">Crystal structure of {bis[2-(3,5-dimethylpyrazol-1-yl-κN2)ethyl]amine-κN}chloridoplatinum(II) chloride dihydrate</subfield>
</datafield>
<datafield tag="700" ind1="0" ind2=" ">
    <subfield code="a">Sylvain Bernès</subfield>
</datafield>
<datafield tag="700" ind1="0" ind2=" ">
    <subfield code="a">Guillermo Mendoza-Díaz</subfield>
</datafield>
</record>