
<record>
<leader>     nab a22     uu 4500</leader>
<controlfield tag="001">49c9b63ed1ae42d7ac105951ff99bc7f</controlfield>
<datafield tag="022" ind1=" " ind2=" ">
    <subfield code="a">2056-9890</subfield>
</datafield>
<datafield tag="024" ind1="7" ind2=" ">
        <subfield code="a">10.1107/S2056989015005411</subfield>
        <subfield code="2">doi</subfield>
    </datafield>
<datafield tag="100" ind1="0" ind2=" ">
    <subfield code="a">Xiao-Ping Zhang</subfield>
</datafield>
<datafield tag="245" ind1="0" ind2="0">
    <subfield code="a">Crystal structure of catena-poly[[diaquacadmium(II)]-μ-3,3′-(1,3-phenylene)diacrylato]</subfield>
</datafield>
<datafield tag="700" ind1="0" ind2=" ">
    <subfield code="a">Xin Chen</subfield>
</datafield>
<datafield tag="700" ind1="0" ind2=" ">
    <subfield code="a">Kun-Lin Huang</subfield>
</datafield>
</record>