
<record>
<leader>     nab a22     uu 4500</leader>
<controlfield tag="001">b227ecb06d7841f28ef0d97790ab71fe</controlfield>
<datafield tag="022" ind1=" " ind2=" ">
    <subfield code="a">2056-9890</subfield>
</datafield>
<datafield tag="024" ind1="7" ind2=" ">
        <subfield code="a">10.1107/S2056989015004636</subfield>
        <subfield code="2">doi</subfield>
    </datafield>
<datafield tag="100" ind1="0" ind2=" ">
    <subfield code="a">Yongtae Kim</subfield>
</datafield>
<datafield tag="245" ind1="0" ind2="0">
    <subfield code="a">Crystal structure of aquabis[2-(1H-benzimidazol-2-yl-κN3)aniline-κN]zinc dinitrate</subfield>
</datafield>
<datafield tag="700" ind1="0" ind2=" ">
    <subfield code="a">Sung Kwon Kang</subfield>
</datafield>
</record>