
<record>
<leader>     nab a22     uu 4500</leader>
<controlfield tag="001">1c5d990b94cf4a6baf3647bee5765efe</controlfield>
<datafield tag="022" ind1=" " ind2=" ">
    <subfield code="a">2056-9890</subfield>
</datafield>
<datafield tag="024" ind1="7" ind2=" ">
        <subfield code="a">10.1107/S2056989015005794</subfield>
        <subfield code="2">doi</subfield>
    </datafield>
<datafield tag="100" ind1="0" ind2=" ">
    <subfield code="a">Kannan Thirumurthy</subfield>
</datafield>
<datafield tag="245" ind1="0" ind2="0">
    <subfield code="a">Crystal structure of (E)-N-[(2-chloro-6-methoxyquinolin-3-yl)methylidene]-9-ethyl-9H-carbazol-3-amine</subfield>
</datafield>
<datafield tag="700" ind1="0" ind2=" ">
    <subfield code="a">Ganesamoorthy Thirunarayanan</subfield>
</datafield>
<datafield tag="700" ind1="0" ind2=" ">
    <subfield code="a">S. Murugavel</subfield>
</datafield>
</record>