
<record>
<leader>     nab a22     uu 4500</leader>
<controlfield tag="001">efaeaa804f0d416fae2161928996c24d</controlfield>
<datafield tag="022" ind1=" " ind2=" ">
    <subfield code="a">2056-9890</subfield>
</datafield>
<datafield tag="024" ind1="7" ind2=" ">
        <subfield code="a">10.1107/S2056989015006015</subfield>
        <subfield code="2">doi</subfield>
    </datafield>
<datafield tag="100" ind1="0" ind2=" ">
    <subfield code="a">Mikhail E. Minyaev</subfield>
</datafield>
<datafield tag="245" ind1="0" ind2="0">
    <subfield code="a">Crystal structure of heptakis(2,6-dimethylphenyl isocyanide-κC)vanadium(I) iodide</subfield>
</datafield>
<datafield tag="700" ind1="0" ind2=" ">
    <subfield code="a">John E. Ellis</subfield>
</datafield>
</record>