
<record>
<leader>     nab a22     uu 4500</leader>
<controlfield tag="001">9d3e46473ee74958b227353599c93dea</controlfield>
<datafield tag="022" ind1=" " ind2=" ">
    <subfield code="a">2056-9890</subfield>
</datafield>
<datafield tag="024" ind1="7" ind2=" ">
        <subfield code="a">10.1107/S2056989015005630</subfield>
        <subfield code="2">doi</subfield>
    </datafield>
<datafield tag="100" ind1="0" ind2=" ">
    <subfield code="a">Peter Mangwala Kimpende</subfield>
</datafield>
<datafield tag="245" ind1="0" ind2="0">
    <subfield code="a">Crystal structure of (2E)-1-(4-hydroxy-1-methyl-2-oxo-1,2-dihydroquinolin-3-yl)-3-(4-hydroxy-3-methoxyphenyl)prop-2-en-1-one</subfield>
</datafield>
<datafield tag="700" ind1="0" ind2=" ">
    <subfield code="a">Ngoc Thanh Nguyen</subfield>
</datafield>
<datafield tag="700" ind1="0" ind2=" ">
    <subfield code="a">Minh Thao Nguyen</subfield>
</datafield>
<datafield tag="700" ind1="0" ind2=" ">
    <subfield code="a">Quoc Trung Vu</subfield>
</datafield>
<datafield tag="700" ind1="0" ind2=" ">
    <subfield code="a">Luc Van Meervelt</subfield>
</datafield>
</record>