
<record>
<leader>     nab a22     uu 4500</leader>
<controlfield tag="001">f8ddf9e1356c4a4b8f0b983f08d4c99e</controlfield>
<datafield tag="022" ind1=" " ind2=" ">
    <subfield code="a">2056-9890</subfield>
</datafield>
<datafield tag="024" ind1="7" ind2=" ">
        <subfield code="a">10.1107/S2056989015005757</subfield>
        <subfield code="2">doi</subfield>
    </datafield>
<datafield tag="100" ind1="0" ind2=" ">
    <subfield code="a">C. F. Annie</subfield>
</datafield>
<datafield tag="245" ind1="0" ind2="0">
    <subfield code="a">Crystal structure of (E)-2-[(2-hydroxy-4-methoxyphenyl)(phenyl)methylidene]-N-phenylhydrazine-1-carboxamide</subfield>
</datafield>
<datafield tag="700" ind1="0" ind2=" ">
    <subfield code="a">M. Sithambaresan</subfield>
</datafield>
<datafield tag="700" ind1="0" ind2=" ">
    <subfield code="a">M. R. Prathapachandra Kurup</subfield>
</datafield>
</record>