
<record>
<leader>     nab a22     uu 4500</leader>
<controlfield tag="001">7d9236cb96ad4ae5a6ff49c2864a8242</controlfield>
<datafield tag="022" ind1=" " ind2=" ">
    <subfield code="a">2056-9890</subfield>
</datafield>
<datafield tag="024" ind1="7" ind2=" ">
        <subfield code="a">10.1107/S2056989015003400</subfield>
        <subfield code="2">doi</subfield>
    </datafield>
<datafield tag="100" ind1="0" ind2=" ">
    <subfield code="a">Peter Held</subfield>
</datafield>
<datafield tag="245" ind1="0" ind2="0">
    <subfield code="a">Crystal structure of bis(dimethylammonium) hexaaquacobalt(II) bis(sulfate) dihydrate</subfield>
</datafield>
</record>