
<record>
<leader>     nab a22     uu 4500</leader>
<controlfield tag="001">5a5cdcc1559c4fcaa5673b8cab1da613</controlfield>
<datafield tag="022" ind1=" " ind2=" ">
    <subfield code="a">2056-9890</subfield>
</datafield>
<datafield tag="024" ind1="7" ind2=" ">
        <subfield code="a">10.1107/S2056989015004545</subfield>
        <subfield code="2">doi</subfield>
    </datafield>
<datafield tag="100" ind1="0" ind2=" ">
    <subfield code="a">Hemant Yennawar</subfield>
</datafield>
<datafield tag="245" ind1="0" ind2="0">
    <subfield code="a">Crystal structures of 2-(4-nitrophenyl)-3-phenyl-2,3-dihydro-4H-1,3-benzothiazin-4-one and 2-(2-nitrophenyl)-3-phenyl-2,3-dihydro-4H-1,3-benzothiazin-4-one</subfield>
</datafield>
<datafield tag="700" ind1="0" ind2=" ">
    <subfield code="a">Aaron S. Cali</subfield>
</datafield>
<datafield tag="700" ind1="0" ind2=" ">
    <subfield code="a">Yiwen Xie</subfield>
</datafield>
<datafield tag="700" ind1="0" ind2=" ">
    <subfield code="a">Lee J. Silverberg</subfield>
</datafield>
</record>