
<record>
<leader>     nab a22     uu 4500</leader>
<controlfield tag="001">debfbe73821a4dcfbb1b60fbc9fdf3cc</controlfield>
<datafield tag="022" ind1=" " ind2=" ">
    <subfield code="a">2056-9890</subfield>
</datafield>
<datafield tag="024" ind1="7" ind2=" ">
        <subfield code="a">10.1107/S2056989015005149</subfield>
        <subfield code="2">doi</subfield>
    </datafield>
<datafield tag="100" ind1="0" ind2=" ">
    <subfield code="a">Craig C. McLauchlan</subfield>
</datafield>
<datafield tag="245" ind1="0" ind2="0">
    <subfield code="a">Crystal structure of {2,2′-[N,N′-bis(pyridin-2-ylmethyl)cyclohexane-trans-1,2-diyldi(nitrilo)]diacetato}cobalt(III) hexafluoridophosphate</subfield>
</datafield>
<datafield tag="700" ind1="0" ind2=" ">
    <subfield code="a">Daniel S. Kissel</subfield>
</datafield>
<datafield tag="700" ind1="0" ind2=" ">
    <subfield code="a">Albert W. Herlinger</subfield>
</datafield>
</record>