
<record>
<leader>     nab a22     uu 4500</leader>
<controlfield tag="001">ca57cd5d075945f587c9d7bd231f7641</controlfield>
<datafield tag="022" ind1=" " ind2=" ">
    <subfield code="a">2056-9890</subfield>
</datafield>
<datafield tag="024" ind1="7" ind2=" ">
        <subfield code="a">10.1107/S205698901500554X</subfield>
        <subfield code="2">doi</subfield>
    </datafield>
<datafield tag="100" ind1="0" ind2=" ">
    <subfield code="a">Manpreet Kaur</subfield>
</datafield>
<datafield tag="245" ind1="0" ind2="0">
    <subfield code="a">The crystal structures of three clozapinium salts: different molecular configurations, and supramolecular assembly in one, two and three dimensions</subfield>
</datafield>
<datafield tag="700" ind1="0" ind2=" ">
    <subfield code="a">Jerry P. Jasinski</subfield>
</datafield>
<datafield tag="700" ind1="0" ind2=" ">
    <subfield code="a">Hemmige S. Yathirajan</subfield>
</datafield>
<datafield tag="700" ind1="0" ind2=" ">
    <subfield code="a">Channappa N. Kavitha</subfield>
</datafield>
<datafield tag="700" ind1="0" ind2=" ">
    <subfield code="a">Christopher Glidewell</subfield>
</datafield>
</record>