
<record>
<leader>     nab a22     uu 4500</leader>
<controlfield tag="001">973337b8f2694aaca00ea4d569f9b554</controlfield>
<datafield tag="022" ind1=" " ind2=" ">
    <subfield code="a">2056-9890</subfield>
</datafield>
<datafield tag="024" ind1="7" ind2=" ">
        <subfield code="a">10.1107/S2056989015004569</subfield>
        <subfield code="2">doi</subfield>
    </datafield>
<datafield tag="100" ind1="0" ind2=" ">
    <subfield code="a">Chetan Shrimandhar Shripanavar</subfield>
</datafield>
<datafield tag="245" ind1="0" ind2="0">
    <subfield code="a">Crystal structure of (2E)-2-methoxyimino-2-{2-[(2-methylphenoxy)methyl]phenyl}-N′-(4-nitrobenzylidene)ethanohydrazide</subfield>
</datafield>
<datafield tag="700" ind1="0" ind2=" ">
    <subfield code="a">Ray J. Butcher</subfield>
</datafield>
</record>