
<record>
<leader>     nab a22     uu 4500</leader>
<controlfield tag="001">5b902e73fed44faa9731bda1d8767863</controlfield>
<datafield tag="022" ind1=" " ind2=" ">
    <subfield code="a">2056-9890</subfield>
</datafield>
<datafield tag="024" ind1="7" ind2=" ">
        <subfield code="a">10.1107/S2056989015004831</subfield>
        <subfield code="2">doi</subfield>
    </datafield>
<datafield tag="100" ind1="0" ind2=" ">
    <subfield code="a">Olesia I. Kucheriv</subfield>
</datafield>
<datafield tag="245" ind1="0" ind2="0">
    <subfield code="a">Crystal structure of the co-crystal fac-triaquatris(thiocyanato-κN)iron(III)–2,3-dimethylpyrazine (1/3)</subfield>
</datafield>
<datafield tag="700" ind1="0" ind2=" ">
    <subfield code="a">Sergii I. Shylin</subfield>
</datafield>
<datafield tag="700" ind1="0" ind2=" ">
    <subfield code="a">Tetiana A. Ilina</subfield>
</datafield>
<datafield tag="700" ind1="0" ind2=" ">
    <subfield code="a">Sebastian Dechert</subfield>
</datafield>
<datafield tag="700" ind1="0" ind2=" ">
    <subfield code="a">Il&apos;ya A. Gural&apos;skiy</subfield>
</datafield>
</record>