
<record>
<leader>     nab a22     uu 4500</leader>
<controlfield tag="001">24d2ba1aeec94eecb8c80ab5abe28923</controlfield>
<datafield tag="022" ind1=" " ind2=" ">
    <subfield code="a">2056-9890</subfield>
</datafield>
<datafield tag="024" ind1="7" ind2=" ">
        <subfield code="a">10.1107/S2056989015005290</subfield>
        <subfield code="2">doi</subfield>
    </datafield>
<datafield tag="100" ind1="0" ind2=" ">
    <subfield code="a">Rawia Nasri</subfield>
</datafield>
<datafield tag="245" ind1="0" ind2="0">
    <subfield code="a">Structure cristalline de la triple molybdate Ag0.90Al1.06Co2.94(MoO4)5</subfield>
</datafield>
<datafield tag="700" ind1="0" ind2=" ">
    <subfield code="a">Saïda Fatma Chérif</subfield>
</datafield>
<datafield tag="700" ind1="0" ind2=" ">
    <subfield code="a">Mohamed Faouzi Zid</subfield>
</datafield>
</record>