
<record>
<leader>     nab a22     uu 4500</leader>
<controlfield tag="001">2756b55986994dee98e3fb2031bfa3fd</controlfield>
<datafield tag="022" ind1=" " ind2=" ">
    <subfield code="a">2056-9890</subfield>
</datafield>
<datafield tag="024" ind1="7" ind2=" ">
        <subfield code="a">10.1107/S2056989015005253</subfield>
        <subfield code="2">doi</subfield>
    </datafield>
<datafield tag="100" ind1="0" ind2=" ">
    <subfield code="a">Olha Sereda</subfield>
</datafield>
<datafield tag="245" ind1="0" ind2="0">
    <subfield code="a">Crystal structures of {[Cu(Lpn)2][Fe(CN)5(NO)]·H2O}n and {[Cu(Lpn)2]3[Cr(CN)6]2·5H2O}n [where Lpn = (R)-propane-1,2-diamine]: two heterometallic chiral cyanide-bridged coordination polymers</subfield>
</datafield>
<datafield tag="700" ind1="0" ind2=" ">
    <subfield code="a">Helen Stoeckli-Evans</subfield>
</datafield>
</record>