
<record>
<leader>     nab a22     uu 4500</leader>
<controlfield tag="001">5ea3ee7f1ad0451bb80c347c6f2fa2fc</controlfield>
<datafield tag="022" ind1=" " ind2=" ">
    <subfield code="a">2056-9890</subfield>
</datafield>
<datafield tag="024" ind1="7" ind2=" ">
        <subfield code="a">10.1107/S2056989015004338</subfield>
        <subfield code="2">doi</subfield>
    </datafield>
<datafield tag="100" ind1="0" ind2=" ">
    <subfield code="a">Daniela Arias-Zárate</subfield>
</datafield>
<datafield tag="245" ind1="0" ind2="0">
    <subfield code="a">Crystal structure of di-μ-hydroxido-bis[aqua(1,10-phenanthroline-κ2N,N′)copper(II)] naphthalene-2,6-dicarboxylate hexahydrate</subfield>
</datafield>
<datafield tag="700" ind1="0" ind2=" ">
    <subfield code="a">María Fernanda Ballesteros-Rivas</subfield>
</datafield>
<datafield tag="700" ind1="0" ind2=" ">
    <subfield code="a">Rubén A. Toscano</subfield>
</datafield>
<datafield tag="700" ind1="0" ind2=" ">
    <subfield code="a">Jesús Valdés-Martínez</subfield>
</datafield>
</record>