
<record>
<leader>     nab a22     uu 4500</leader>
<controlfield tag="001">85027702f26648d989ec61334c8ba551</controlfield>
<datafield tag="022" ind1=" " ind2=" ">
    <subfield code="a">2056-9890</subfield>
</datafield>
<datafield tag="024" ind1="7" ind2=" ">
        <subfield code="a">10.1107/S2056989015004788</subfield>
        <subfield code="2">doi</subfield>
    </datafield>
<datafield tag="100" ind1="0" ind2=" ">
    <subfield code="a">Moritz Malischewski</subfield>
</datafield>
<datafield tag="245" ind1="0" ind2="0">
    <subfield code="a">Crystal structure of bis(fluorosulfato-κO)xenon(II), Xe(SO3F)2</subfield>
</datafield>
<datafield tag="700" ind1="0" ind2=" ">
    <subfield code="a">Konrad Seppelt</subfield>
</datafield>
</record>