
<record>
<leader>     nab a22     uu 4500</leader>
<controlfield tag="001">e17b4c69285e435d90a59ff9aaaac210</controlfield>
<datafield tag="022" ind1=" " ind2=" ">
    <subfield code="a">2056-9890</subfield>
</datafield>
<datafield tag="024" ind1="7" ind2=" ">
        <subfield code="a">10.1107/S2056989015004090</subfield>
        <subfield code="2">doi</subfield>
    </datafield>
<datafield tag="100" ind1="0" ind2=" ">
    <subfield code="a">Aditya Agrahari</subfield>
</datafield>
<datafield tag="245" ind1="0" ind2="0">
    <subfield code="a">Crystal structure of 9-methacryloylanthracene</subfield>
</datafield>
<datafield tag="700" ind1="0" ind2=" ">
    <subfield code="a">Patrick O. Wagers</subfield>
</datafield>
<datafield tag="700" ind1="0" ind2=" ">
    <subfield code="a">Steven M. Schildcrout</subfield>
</datafield>
<datafield tag="700" ind1="0" ind2=" ">
    <subfield code="a">John Masnovi</subfield>
</datafield>
<datafield tag="700" ind1="0" ind2=" ">
    <subfield code="a">Wiley J. Youngs</subfield>
</datafield>
</record>