
<record>
<leader>     nab a22     uu 4500</leader>
<controlfield tag="001">83b79d2a01c44599a7d77dae23db54de</controlfield>
<datafield tag="022" ind1=" " ind2=" ">
    <subfield code="a">2056-9890</subfield>
</datafield>
<datafield tag="024" ind1="7" ind2=" ">
        <subfield code="a">10.1107/S2056989015004855</subfield>
        <subfield code="2">doi</subfield>
    </datafield>
<datafield tag="100" ind1="0" ind2=" ">
    <subfield code="a">David M. Morris</subfield>
</datafield>
<datafield tag="245" ind1="0" ind2="0">
    <subfield code="a">Serendipitous preparation of fac-(acetonitrile-κN)trichlorido[(1,2,5,6-η)-cycloocta-1,5-diene]iridium(III)</subfield>
</datafield>
<datafield tag="700" ind1="0" ind2=" ">
    <subfield code="a">Joseph S. Merola</subfield>
</datafield>
</record>