
<record>
<leader>     nab a22     uu 4500</leader>
<controlfield tag="001">3c6615b1980941c682476c05e6f092bf</controlfield>
<datafield tag="022" ind1=" " ind2=" ">
    <subfield code="a">2056-9890</subfield>
</datafield>
<datafield tag="024" ind1="7" ind2=" ">
        <subfield code="a">10.1107/S2056989015004028</subfield>
        <subfield code="2">doi</subfield>
    </datafield>
<datafield tag="100" ind1="0" ind2=" ">
    <subfield code="a">Mwaffak Rukiah</subfield>
</datafield>
<datafield tag="245" ind1="0" ind2="0">
    <subfield code="a">Crystal structure of bis[(1-ammonio-1-phosphonoethyl)phosphonato]tetraaquacadmium dihydrate: a powder X-ray diffraction study</subfield>
</datafield>
<datafield tag="700" ind1="0" ind2=" ">
    <subfield code="a">Thaer Assaad</subfield>
</datafield>
</record>