
<record>
<leader>     nab a22     uu 4500</leader>
<controlfield tag="001">9a9ed41d1a834138b9d907211fb77a80</controlfield>
<datafield tag="022" ind1=" " ind2=" ">
    <subfield code="a">2056-9890</subfield>
</datafield>
<datafield tag="024" ind1="7" ind2=" ">
        <subfield code="a">10.1107/S2056989015003503</subfield>
        <subfield code="2">doi</subfield>
    </datafield>
<datafield tag="100" ind1="0" ind2=" ">
    <subfield code="a">Leandro M. O. Lourenço</subfield>
</datafield>
<datafield tag="245" ind1="0" ind2="0">
    <subfield code="a">Crystal structures of the water and acetone monosolvates of bis[4′-(pyridin-4-yl)-2,2′:6′,2′′-terpyridine]manganese(II) bis(hexafluoridophosphate)</subfield>
</datafield>
<datafield tag="700" ind1="0" ind2=" ">
    <subfield code="a">Filipe A. Almeida Paz</subfield>
</datafield>
<datafield tag="700" ind1="0" ind2=" ">
    <subfield code="a">José A. Fernandes</subfield>
</datafield>
</record>