
<record>
<leader>     nab a22     uu 4500</leader>
<controlfield tag="001">4d8a846095c14a14875497c69c792553</controlfield>
<datafield tag="022" ind1=" " ind2=" ">
    <subfield code="a">2056-9890</subfield>
</datafield>
<datafield tag="024" ind1="7" ind2=" ">
        <subfield code="a">10.1107/S205698901500393X</subfield>
        <subfield code="2">doi</subfield>
    </datafield>
<datafield tag="100" ind1="0" ind2=" ">
    <subfield code="a">Sumesh Nicholas</subfield>
</datafield>
<datafield tag="245" ind1="0" ind2="0">
    <subfield code="a">Crystal structure of the tripeptide N-(benzyloxycarbonyl)glycylglycyl-l-norvaline</subfield>
</datafield>
</record>