
<record>
<leader>     nab a22     uu 4500</leader>
<controlfield tag="001">ea114d6c607641d5962663726b259e7e</controlfield>
<datafield tag="022" ind1=" " ind2=" ">
    <subfield code="a">2056-9890</subfield>
</datafield>
<datafield tag="024" ind1="7" ind2=" ">
        <subfield code="a">10.1107/S2056989015003850</subfield>
        <subfield code="2">doi</subfield>
    </datafield>
<datafield tag="100" ind1="0" ind2=" ">
    <subfield code="a">Kasi Viswanatharaju Ruddraraju</subfield>
</datafield>
<datafield tag="245" ind1="0" ind2="0">
    <subfield code="a">Crystal structure of 5-{4′-[(2-{2-[2-(2-ammonioethoxy)ethoxy]ethoxy}ethyl)carbamoyl]-4-methoxy-[1,1′-biphenyl]-3-yl}-3-oxo-1,2,5-thiadiazolidin-2-ide 1,1-dioxide: a potential inhibitor of the enzyme protein tyrosine phosphatase 1B (PTP1B)</subfield>
</datafield>
<datafield tag="700" ind1="0" ind2=" ">
    <subfield code="a">Roman Hillebrand</subfield>
</datafield>
<datafield tag="700" ind1="0" ind2=" ">
    <subfield code="a">Charles L. Barnes</subfield>
</datafield>
<datafield tag="700" ind1="0" ind2=" ">
    <subfield code="a">Kent S. Gates</subfield>
</datafield>
</record>