
<record>
<leader>     nab a22     uu 4500</leader>
<controlfield tag="001">85220518958a47e4bac1b446bbe6bbaf</controlfield>
<datafield tag="022" ind1=" " ind2=" ">
    <subfield code="a">2056-9890</subfield>
</datafield>
<datafield tag="024" ind1="7" ind2=" ">
        <subfield code="a">10.1107/S2056989015003229</subfield>
        <subfield code="2">doi</subfield>
    </datafield>
<datafield tag="100" ind1="0" ind2=" ">
    <subfield code="a">Leandro R. S. Camargo</subfield>
</datafield>
<datafield tag="245" ind1="0" ind2="0">
    <subfield code="a">Crystal structure of 4-phenyl-1-{2-[(2,4,6-trimethylphenyl)selanyl]phenyl}-1H-1,2,3-triazole</subfield>
</datafield>
<datafield tag="700" ind1="0" ind2=" ">
    <subfield code="a">Julio Zukerman-Schpector</subfield>
</datafield>
<datafield tag="700" ind1="0" ind2=" ">
    <subfield code="a">Anna M. Deobald</subfield>
</datafield>
<datafield tag="700" ind1="0" ind2=" ">
    <subfield code="a">Antonio L. Braga</subfield>
</datafield>
<datafield tag="700" ind1="0" ind2=" ">
    <subfield code="a">Edward R. T. Tiekink</subfield>
</datafield>
</record>