
<record>
<leader>     nab a22     uu 4500</leader>
<controlfield tag="001">b0d974763a534a81b4189fb452511b4e</controlfield>
<datafield tag="022" ind1=" " ind2=" ">
    <subfield code="a">2056-9890</subfield>
</datafield>
<datafield tag="024" ind1="7" ind2=" ">
        <subfield code="a">10.1107/S2056989015003199</subfield>
        <subfield code="2">doi</subfield>
    </datafield>
<datafield tag="100" ind1="0" ind2=" ">
    <subfield code="a">M. S. Begum</subfield>
</datafield>
<datafield tag="245" ind1="0" ind2="0">
    <subfield code="a">Crystal structure of S-hexyl (E)-3-(4-methoxybenzylidene)dithiocarbazate</subfield>
</datafield>
<datafield tag="700" ind1="0" ind2=" ">
    <subfield code="a">M. B. H. Howlader</subfield>
</datafield>
<datafield tag="700" ind1="0" ind2=" ">
    <subfield code="a">R. Miyatake</subfield>
</datafield>
<datafield tag="700" ind1="0" ind2=" ">
    <subfield code="a">E. Zangrando</subfield>
</datafield>
<datafield tag="700" ind1="0" ind2=" ">
    <subfield code="a">M. C. Sheikh</subfield>
</datafield>
</record>