
<record>
<leader>     nab a22     uu 4500</leader>
<controlfield tag="001">c50e6b7001194337a2c447cf020fb23e</controlfield>
<datafield tag="022" ind1=" " ind2=" ">
    <subfield code="a">2056-9890</subfield>
</datafield>
<datafield tag="024" ind1="7" ind2=" ">
        <subfield code="a">10.1107/S2056989015003576</subfield>
        <subfield code="2">doi</subfield>
    </datafield>
<datafield tag="100" ind1="0" ind2=" ">
    <subfield code="a">J. J. Novina</subfield>
</datafield>
<datafield tag="245" ind1="0" ind2="0">
    <subfield code="a">Crystal structure of ethyl 6-methyl-2-oxo-4-(3,4,5-trimethoxyphenyl)-1,2,3,4-tetrahydropyrimidine-5-carboxylate</subfield>
</datafield>
<datafield tag="700" ind1="0" ind2=" ">
    <subfield code="a">G. Vasuki</subfield>
</datafield>
<datafield tag="700" ind1="0" ind2=" ">
    <subfield code="a">M. Suresh</subfield>
</datafield>
<datafield tag="700" ind1="0" ind2=" ">
    <subfield code="a">M. Syed Ali Padusha</subfield>
</datafield>
</record>