
<record>
<leader>     nab a22     uu 4500</leader>
<controlfield tag="001">652987b89c1f4f53810bc9e1133e1993</controlfield>
<datafield tag="022" ind1=" " ind2=" ">
    <subfield code="a">2056-9890</subfield>
</datafield>
<datafield tag="024" ind1="7" ind2=" ">
        <subfield code="a">10.1107/S2056989015002959</subfield>
        <subfield code="2">doi</subfield>
    </datafield>
<datafield tag="100" ind1="0" ind2=" ">
    <subfield code="a">Ísmail Çelik</subfield>
</datafield>
<datafield tag="245" ind1="0" ind2="0">
    <subfield code="a">Crystal structure of 2-[(3S,4S)-4-(anthracen-9-yl)-1-(4-methoxyphenyl)-2-oxoazetidin-3-yl]-2-aza-2H-phenalene-1,3-dione unknown solvate</subfield>
</datafield>
<datafield tag="700" ind1="0" ind2=" ">
    <subfield code="a">Mehmet Akkurt</subfield>
</datafield>
<datafield tag="700" ind1="0" ind2=" ">
    <subfield code="a">Aliasghar Jarrahpour</subfield>
</datafield>
<datafield tag="700" ind1="0" ind2=" ">
    <subfield code="a">Javad Ameri Rad</subfield>
</datafield>
<datafield tag="700" ind1="0" ind2=" ">
    <subfield code="a">Ömer Çelik</subfield>
</datafield>
</record>