
<record>
<leader>     nab a22     uu 4500</leader>
<controlfield tag="001">07f11f973dd747c0ae0bef026e2f2177</controlfield>
<datafield tag="022" ind1=" " ind2=" ">
    <subfield code="a">2056-9890</subfield>
</datafield>
<datafield tag="024" ind1="7" ind2=" ">
        <subfield code="a">10.1107/S2056989015002418</subfield>
        <subfield code="2">doi</subfield>
    </datafield>
<datafield tag="100" ind1="0" ind2=" ">
    <subfield code="a">Gary S. Nichol</subfield>
</datafield>
<datafield tag="245" ind1="0" ind2="0">
    <subfield code="a">Crystal structure of 2-hydroxy-N-(2-hydroxyethyl)-N-{2-hydroxy-3-[(E)-N-hydroxyethanimidoyl]-5-methylbenzyl}ethanaminium acetate monohydrate</subfield>
</datafield>
<datafield tag="700" ind1="0" ind2=" ">
    <subfield code="a">Jamie M. Frost</subfield>
</datafield>
<datafield tag="700" ind1="0" ind2=" ">
    <subfield code="a">Sergio Sanz</subfield>
</datafield>
<datafield tag="700" ind1="0" ind2=" ">
    <subfield code="a">Euan K. Brechin</subfield>
</datafield>
</record>