
<record>
<leader>     nab a22     uu 4500</leader>
<controlfield tag="001">32bf0544838d427eb597d4c27276a2bd</controlfield>
<datafield tag="022" ind1=" " ind2=" ">
    <subfield code="a">2056-9890</subfield>
</datafield>
<datafield tag="024" ind1="7" ind2=" ">
        <subfield code="a">10.1107/S2056989015002698</subfield>
        <subfield code="2">doi</subfield>
    </datafield>
<datafield tag="100" ind1="0" ind2=" ">
    <subfield code="a">Heng-Qiang Zhang</subfield>
</datafield>
<datafield tag="245" ind1="0" ind2="0">
    <subfield code="a">Crystal structure of (4Z)-4-{[(2-chlorophenyl)amino](furan-2-yl)methylidene}-3-methyl-1-phenyl-4,5-dihydro-1H-pyrazol-5-one</subfield>
</datafield>
<datafield tag="700" ind1="0" ind2=" ">
    <subfield code="a">Xing Yang</subfield>
</datafield>
<datafield tag="700" ind1="0" ind2=" ">
    <subfield code="a">Qiong Wu</subfield>
</datafield>
<datafield tag="700" ind1="0" ind2=" ">
    <subfield code="a">Hong-Li Chen</subfield>
</datafield>
</record>