
<record>
<leader>     nab a22     uu 4500</leader>
<controlfield tag="001">a47907ecf7ad41d6a16f5d77ad1b7d6d</controlfield>
<datafield tag="022" ind1=" " ind2=" ">
    <subfield code="a">2056-9890</subfield>
</datafield>
<datafield tag="024" ind1="7" ind2=" ">
        <subfield code="a">10.1107/S205698901500225X</subfield>
        <subfield code="2">doi</subfield>
    </datafield>
<datafield tag="100" ind1="0" ind2=" ">
    <subfield code="a">J. Govindaraj</subfield>
</datafield>
<datafield tag="245" ind1="0" ind2="0">
    <subfield code="a">Crystal structure of 2-methylamino-3-nitro-4-p-tolylpyrano[3,2-c]chromen-5(4H)-one</subfield>
</datafield>
<datafield tag="700" ind1="0" ind2=" ">
    <subfield code="a">Y. AaminaNaaz</subfield>
</datafield>
<datafield tag="700" ind1="0" ind2=" ">
    <subfield code="a">Jayabal Kamalraja</subfield>
</datafield>
<datafield tag="700" ind1="0" ind2=" ">
    <subfield code="a">Paramasivam T. Perumal</subfield>
</datafield>
<datafield tag="700" ind1="0" ind2=" ">
    <subfield code="a">A. SubbiahPandi</subfield>
</datafield>
</record>