
<record>
<leader>     nab a22     uu 4500</leader>
<controlfield tag="001">eaa2e496e1aa43ac8fc026c550b9c38e</controlfield>
<datafield tag="022" ind1=" " ind2=" ">
    <subfield code="a">2056-9890</subfield>
</datafield>
<datafield tag="024" ind1="7" ind2=" ">
        <subfield code="a">10.1107/S2056989015002121</subfield>
        <subfield code="2">doi</subfield>
    </datafield>
<datafield tag="100" ind1="0" ind2=" ">
    <subfield code="a">R. Raja</subfield>
</datafield>
<datafield tag="245" ind1="0" ind2="0">
    <subfield code="a">Crystal structure of ethyl 5′′-fluoro-2′′,3-dioxo-6′,7′,8′,8a&apos;-tetrahydro-2′H,3H,5′H-dispiro[benzo[b]thiophene-2,1′-indolizine-3′,3′′-indoline]-2′-carboxylate</subfield>
</datafield>
<datafield tag="700" ind1="0" ind2=" ">
    <subfield code="a">J. Govindaraj</subfield>
</datafield>
<datafield tag="700" ind1="0" ind2=" ">
    <subfield code="a">M. Suresh</subfield>
</datafield>
<datafield tag="700" ind1="0" ind2=" ">
    <subfield code="a">R. Raghunathan</subfield>
</datafield>
<datafield tag="700" ind1="0" ind2=" ">
    <subfield code="a">A. SubbiahPandi</subfield>
</datafield>
</record>