
<record>
<leader>     nab a22     uu 4500</leader>
<controlfield tag="001">fa01c4e3dcfa459e9bf6c427ebe83c23</controlfield>
<datafield tag="022" ind1=" " ind2=" ">
    <subfield code="a">2056-9890</subfield>
</datafield>
<datafield tag="024" ind1="7" ind2=" ">
        <subfield code="a">10.1107/S2056989015002108</subfield>
        <subfield code="2">doi</subfield>
    </datafield>
<datafield tag="100" ind1="0" ind2=" ">
    <subfield code="a">Huan Liu</subfield>
</datafield>
<datafield tag="245" ind1="0" ind2="0">
    <subfield code="a">Crystal structure of diaqua(μ2-triethylenetetraminehexaacetato)dizinc tetrahydrate</subfield>
</datafield>
<datafield tag="700" ind1="0" ind2=" ">
    <subfield code="a">Li-Ping Lu</subfield>
</datafield>
</record>