
<record>
<leader>     nab a22     uu 4500</leader>
<controlfield tag="001">a0e14e9ff1054d32819344667c78b71f</controlfield>
<datafield tag="022" ind1=" " ind2=" ">
    <subfield code="a">2056-9890</subfield>
</datafield>
<datafield tag="024" ind1="7" ind2=" ">
        <subfield code="a">10.1107/S2056989015003023</subfield>
        <subfield code="2">doi</subfield>
    </datafield>
<datafield tag="100" ind1="0" ind2=" ">
    <subfield code="a">Neelakandan Devika</subfield>
</datafield>
<datafield tag="245" ind1="0" ind2="0">
    <subfield code="a">Crystal structure of chlorido(2-{[2-(4-chlorophenyl)hydrazin-1-ylidene-κN1](phenyl)methyl}pyridine-κN)(η5-pentamethylcyclopentadienyl)iridium(III) tetraphenylborate</subfield>
</datafield>
<datafield tag="700" ind1="0" ind2=" ">
    <subfield code="a">Nandhagopal Raja</subfield>
</datafield>
<datafield tag="700" ind1="0" ind2=" ">
    <subfield code="a">Subbiah Ananthalakshmi</subfield>
</datafield>
<datafield tag="700" ind1="0" ind2=" ">
    <subfield code="a">Bruno Therrien</subfield>
</datafield>
</record>