
<record>
<leader>     nab a22     uu 4500</leader>
<controlfield tag="001">97d2499a510540d79be1769fbbbd8a93</controlfield>
<datafield tag="022" ind1=" " ind2=" ">
    <subfield code="a">2056-9890</subfield>
</datafield>
<datafield tag="024" ind1="7" ind2=" ">
        <subfield code="a">10.1107/S2056989015002467</subfield>
        <subfield code="2">doi</subfield>
    </datafield>
<datafield tag="100" ind1="0" ind2=" ">
    <subfield code="a">Muhammad Danish</subfield>
</datafield>
<datafield tag="245" ind1="0" ind2="0">
    <subfield code="a">Tetraaquabis[2-(2-nitrophenyl)acetato-κO]cobalt(II)</subfield>
</datafield>
<datafield tag="700" ind1="0" ind2=" ">
    <subfield code="a">Muhammad Nawaz Tahir</subfield>
</datafield>
<datafield tag="700" ind1="0" ind2=" ">
    <subfield code="a">Sana Iftikhar</subfield>
</datafield>
<datafield tag="700" ind1="0" ind2=" ">
    <subfield code="a">Muhammad Asam Raza</subfield>
</datafield>
<datafield tag="700" ind1="0" ind2=" ">
    <subfield code="a">Muhammad Ashfaq</subfield>
</datafield>
</record>