
<record>
<leader>     nab a22     uu 4500</leader>
<controlfield tag="001">a480ae127a5d4a8eaac18299b42ff140</controlfield>
<datafield tag="022" ind1=" " ind2=" ">
    <subfield code="a">2056-9890</subfield>
</datafield>
<datafield tag="024" ind1="7" ind2=" ">
        <subfield code="a">10.1107/S2056989015003473</subfield>
        <subfield code="2">doi</subfield>
    </datafield>
<datafield tag="100" ind1="0" ind2=" ">
    <subfield code="a">Bambar Davaasuren</subfield>
</datafield>
<datafield tag="245" ind1="0" ind2="0">
    <subfield code="a">Crystal structure of trichlorido(4′-ferrocenyl-2,2′:6′,2′′-terpyridine-κ3N,N′,N′′)iridium(III) acetonitrile disolvate</subfield>
</datafield>
<datafield tag="700" ind1="0" ind2=" ">
    <subfield code="a">Harihara Padhy</subfield>
</datafield>
<datafield tag="700" ind1="0" ind2=" ">
    <subfield code="a">Alexander Rothenberger</subfield>
</datafield>
</record>