
<record>
<leader>     nab a22     uu 4500</leader>
<controlfield tag="001">412d4461109848ca85f2be3da6adb508</controlfield>
<datafield tag="022" ind1=" " ind2=" ">
    <subfield code="a">2056-9890</subfield>
</datafield>
<datafield tag="024" ind1="7" ind2=" ">
        <subfield code="a">10.1107/S2056989015003710</subfield>
        <subfield code="2">doi</subfield>
    </datafield>
<datafield tag="100" ind1="0" ind2=" ">
    <subfield code="a">Vladimir V. Burlakov</subfield>
</datafield>
<datafield tag="245" ind1="0" ind2="0">
    <subfield code="a">Crystal structure of bis(η5-cyclopentadienyl)(1,4-di-tert-butylbuta-1-en-3-yn-1-yl)zirconium(IV) μ2-hydroxido-bis[tris(pentafluorophenyl)borate]</subfield>
</datafield>
<datafield tag="700" ind1="0" ind2=" ">
    <subfield code="a">Anke Spannenberg</subfield>
</datafield>
<datafield tag="700" ind1="0" ind2=" ">
    <subfield code="a">Perdita Arndt</subfield>
</datafield>
<datafield tag="700" ind1="0" ind2=" ">
    <subfield code="a">Uwe Rosenthal</subfield>
</datafield>
</record>