
<record>
<leader>     nab a22     uu 4500</leader>
<controlfield tag="001">6599bc75d1a44e17a6cf20deee0052b2</controlfield>
<datafield tag="022" ind1=" " ind2=" ">
    <subfield code="a">2056-9890</subfield>
</datafield>
<datafield tag="024" ind1="7" ind2=" ">
        <subfield code="a">10.1107/S2056989015002479</subfield>
        <subfield code="2">doi</subfield>
    </datafield>
<datafield tag="100" ind1="0" ind2=" ">
    <subfield code="a">Yupa Wattanakanjana</subfield>
</datafield>
<datafield tag="245" ind1="0" ind2="0">
    <subfield code="a">Crystal structure of [1,3-bis(diphenylphosphanyl)propane-κ2P,P′](N,N′-dimethylthiourea-κS)(thiocyanato-κN)copper(I)</subfield>
</datafield>
<datafield tag="700" ind1="0" ind2=" ">
    <subfield code="a">Arunpatcha Nimthong-Roldán</subfield>
</datafield>
<datafield tag="700" ind1="0" ind2=" ">
    <subfield code="a">Janejira Ratthiwan</subfield>
</datafield>
</record>