
<record>
<leader>     nab a22     uu 4500</leader>
<controlfield tag="001">f4d0f9703d33480a95162c6abda4f0c4</controlfield>
<datafield tag="022" ind1=" " ind2=" ">
    <subfield code="a">2056-9890</subfield>
</datafield>
<datafield tag="024" ind1="7" ind2=" ">
        <subfield code="a">10.1107/S2056989015002042</subfield>
        <subfield code="2">doi</subfield>
    </datafield>
<datafield tag="100" ind1="0" ind2=" ">
    <subfield code="a">M. P. Savithri</subfield>
</datafield>
<datafield tag="245" ind1="0" ind2="0">
    <subfield code="a">Crystal structure of ethyl 1′,1′′-dimethyl-2′′,3-dioxo-3H-dispiro[benzo[b]thiophene-2,3′-pyrrolidine-2′,3′′-indoline]-4′-carboxylate</subfield>
</datafield>
<datafield tag="700" ind1="0" ind2=" ">
    <subfield code="a">M. Suresh</subfield>
</datafield>
<datafield tag="700" ind1="0" ind2=" ">
    <subfield code="a">R. Raghunathan</subfield>
</datafield>
<datafield tag="700" ind1="0" ind2=" ">
    <subfield code="a">R. Raja</subfield>
</datafield>
<datafield tag="700" ind1="0" ind2=" ">
    <subfield code="a">A. SubbiahPandi</subfield>
</datafield>
</record>