
<record>
<leader>     nab a22     uu 4500</leader>
<controlfield tag="001">a4bbbfb07ccb48e591ee767d5d94d648</controlfield>
<datafield tag="022" ind1=" " ind2=" ">
    <subfield code="a">2056-9890</subfield>
</datafield>
<datafield tag="024" ind1="7" ind2=" ">
        <subfield code="a">10.1107/S2056989015002364</subfield>
        <subfield code="2">doi</subfield>
    </datafield>
<datafield tag="100" ind1="0" ind2=" ">
    <subfield code="a">Ye Guan</subfield>
</datafield>
<datafield tag="245" ind1="0" ind2="0">
    <subfield code="a">Crystal structure of bis(1-methyl-1H-imidazole-κN3)(5,10,15,20-tetraphenylporphyrinato-κ4N)iron(II)–1-methyl-1H-imidazole (1/2)</subfield>
</datafield>
<datafield tag="700" ind1="0" ind2=" ">
    <subfield code="a">Douglas R. Powell</subfield>
</datafield>
<datafield tag="700" ind1="0" ind2=" ">
    <subfield code="a">George B. Richter-Addo</subfield>
</datafield>
</record>