
<record>
<leader>     nab a22     uu 4500</leader>
<controlfield tag="001">e5ca05e2e66d490e8852ae5468bceecb</controlfield>
<datafield tag="022" ind1=" " ind2=" ">
    <subfield code="a">2056-9890</subfield>
</datafield>
<datafield tag="024" ind1="7" ind2=" ">
        <subfield code="a">10.1107/S205698901500376X</subfield>
        <subfield code="2">doi</subfield>
    </datafield>
<datafield tag="100" ind1="0" ind2=" ">
    <subfield code="a">Bernhard Eberhard Christian Bugenhagen</subfield>
</datafield>
<datafield tag="245" ind1="0" ind2="0">
    <subfield code="a">Crystal structure of bis(μ2-4-tert-butyl-2-formylphenolato)-1:2κ3O1,O2:O1;3:4κ3O1,O2:O1-bis(4-tert-butyl-2-formylphenolato)-2κ2O1,O2;4κ2O1,O2-di-μ3-methoxido-1:2:3κ3O;1:3:4κ3O-di-μ2-methoxido-1:4κ2O;2:3κ2O-tetracopper(II)</subfield>
</datafield>
<datafield tag="700" ind1="0" ind2=" ">
    <subfield code="a">Marc Heinrich Prosenc</subfield>
</datafield>
</record>