
<record>
<leader>     nab a22     uu 4500</leader>
<controlfield tag="001">3e753a107f954df0b72a85b32473532f</controlfield>
<datafield tag="022" ind1=" " ind2=" ">
    <subfield code="a">2056-9890</subfield>
</datafield>
<datafield tag="024" ind1="7" ind2=" ">
        <subfield code="a">10.1107/S2056989015003126</subfield>
        <subfield code="2">doi</subfield>
    </datafield>
<datafield tag="100" ind1="0" ind2=" ">
    <subfield code="a">Natale Perchiazzi</subfield>
</datafield>
<datafield tag="245" ind1="0" ind2="0">
    <subfield code="a">Crystal structure study of a cobaltoan dolomite from Kolwezi, Democratic Republic of Congo</subfield>
</datafield>
</record>