
<record>
<leader>     nab a22     uu 4500</leader>
<controlfield tag="001">3f0ae34c32d0413299de29b65212fa03</controlfield>
<datafield tag="022" ind1=" " ind2=" ">
    <subfield code="a">2056-9890</subfield>
</datafield>
<datafield tag="024" ind1="7" ind2=" ">
        <subfield code="a">10.1107/S2056989015002169</subfield>
        <subfield code="2">doi</subfield>
    </datafield>
<datafield tag="100" ind1="0" ind2=" ">
    <subfield code="a">Feiguang Li</subfield>
</datafield>
<datafield tag="245" ind1="0" ind2="0">
    <subfield code="a">Crystal structure of [1-(2,6-diisopropylphenyl)-2,4-bis(dimethylamino)-5-trimethylsilyl-1,3,5-triazapentadienyl-κ2N1,N5](triphenylphosphane-κP)copper(I)</subfield>
</datafield>
<datafield tag="700" ind1="0" ind2=" ">
    <subfield code="a">Lei Yan</subfield>
</datafield>
<datafield tag="700" ind1="0" ind2=" ">
    <subfield code="a">Hongbo Tong</subfield>
</datafield>
<datafield tag="700" ind1="0" ind2=" ">
    <subfield code="a">Meisu Zhou</subfield>
</datafield>
</record>