
<record>
<leader>     nab a22     uu 4500</leader>
<controlfield tag="001">467a3b0b462d434cb68e84bc21220df1</controlfield>
<datafield tag="022" ind1=" " ind2=" ">
    <subfield code="a">2056-9890</subfield>
</datafield>
<datafield tag="024" ind1="7" ind2=" ">
        <subfield code="a">10.1107/S2056989015003412</subfield>
        <subfield code="2">doi</subfield>
    </datafield>
<datafield tag="100" ind1="0" ind2=" ">
    <subfield code="a">Farook Adam</subfield>
</datafield>
<datafield tag="245" ind1="0" ind2="0">
    <subfield code="a">Crystal structure of 4-methyl-N-[(4-methylpyridin-2-yl)carbamothioyl]benzamide</subfield>
</datafield>
<datafield tag="700" ind1="0" ind2=" ">
    <subfield code="a">Nadiah Ameram</subfield>
</datafield>
<datafield tag="700" ind1="0" ind2=" ">
    <subfield code="a">Naser Eltaher Eltayeb</subfield>
</datafield>
</record>