
<record>
<leader>     nab a22     uu 4500</leader>
<controlfield tag="001">33442be6efd247fd98d7c5d87c4d0cae</controlfield>
<datafield tag="022" ind1=" " ind2=" ">
    <subfield code="a">2056-9890</subfield>
</datafield>
<datafield tag="024" ind1="7" ind2=" ">
        <subfield code="a">10.1107/S2056989015003680</subfield>
        <subfield code="2">doi</subfield>
    </datafield>
<datafield tag="100" ind1="0" ind2=" ">
    <subfield code="a">Mohammed Kars</subfield>
</datafield>
<datafield tag="245" ind1="0" ind2="0">
    <subfield code="a">Structure cristalline du composé intermétallique Ni18Ge12</subfield>
</datafield>
<datafield tag="700" ind1="0" ind2=" ">
    <subfield code="a">Adrian Gómez Herrero</subfield>
</datafield>
<datafield tag="700" ind1="0" ind2=" ">
    <subfield code="a">Thierry Roisnel</subfield>
</datafield>
<datafield tag="700" ind1="0" ind2=" ">
    <subfield code="a">Allaoua Rebbah</subfield>
</datafield>
<datafield tag="700" ind1="0" ind2=" ">
    <subfield code="a">L. Carlos Otero-Diáz</subfield>
</datafield>
</record>