
<record>
<leader>     nab a22     uu 4500</leader>
<controlfield tag="001">9147bba62b954241a3e7125b17fe92d5</controlfield>
<datafield tag="022" ind1=" " ind2=" ">
    <subfield code="a">2056-9890</subfield>
</datafield>
<datafield tag="024" ind1="7" ind2=" ">
        <subfield code="a">10.1107/S2056989015003758</subfield>
        <subfield code="2">doi</subfield>
    </datafield>
<datafield tag="100" ind1="0" ind2=" ">
    <subfield code="a">Yabin Shi</subfield>
</datafield>
<datafield tag="245" ind1="0" ind2="0">
    <subfield code="a">Crystal structure of tetraaquabis(1,3-dimethyl-2,6-dioxo-3,7-dihydro-1H-purin-9-ido)magnesium</subfield>
</datafield>
<datafield tag="700" ind1="0" ind2=" ">
    <subfield code="a">Benyong Lou</subfield>
</datafield>
</record>