
<record>
<leader>     nab a22     uu 4500</leader>
<controlfield tag="001">31726351d25540bdb7a10b8bede51b1b</controlfield>
<datafield tag="022" ind1=" " ind2=" ">
    <subfield code="a">2056-9890</subfield>
</datafield>
<datafield tag="024" ind1="7" ind2=" ">
        <subfield code="a">10.1107/S2056989015003163</subfield>
        <subfield code="2">doi</subfield>
    </datafield>
<datafield tag="100" ind1="0" ind2=" ">
    <subfield code="a">Dvir Gur</subfield>
</datafield>
<datafield tag="245" ind1="0" ind2="0">
    <subfield code="a">Crystal structure of disodium 2-amino-6-oxo-6,7-dihydro-1H-purine-1,7-diide heptahydrate</subfield>
</datafield>
<datafield tag="700" ind1="0" ind2=" ">
    <subfield code="a">Linda J. W. Shimon</subfield>
</datafield>
</record>