
<record>
<leader>     nab a22     uu 4500</leader>
<controlfield tag="001">9679e77d988441ebb70c5cf7bc3aa642</controlfield>
<datafield tag="022" ind1=" " ind2=" ">
    <subfield code="a">2056-9890</subfield>
</datafield>
<datafield tag="024" ind1="7" ind2=" ">
        <subfield code="a">10.1107/S2056989015003369</subfield>
        <subfield code="2">doi</subfield>
    </datafield>
<datafield tag="100" ind1="0" ind2=" ">
    <subfield code="a">Rajeswari Gangadharan</subfield>
</datafield>
<datafield tag="245" ind1="0" ind2="0">
    <subfield code="a">Crystal structures of two hydrazinecarbothioamide derivatives: (E)-N-ethyl-2-[(4-oxo-4H-chromen-3-yl)methylidene]hydrazinecarbothioamide hemihydrate and (E)-2-[(4-chloro-2H-chromen-3-yl)methylidene]-N-phenylhydrazinecarbothioamide</subfield>
</datafield>
<datafield tag="700" ind1="0" ind2=" ">
    <subfield code="a">Jebiti Haribabu</subfield>
</datafield>
<datafield tag="700" ind1="0" ind2=" ">
    <subfield code="a">Ramasamy Karvembu</subfield>
</datafield>
<datafield tag="700" ind1="0" ind2=" ">
    <subfield code="a">K. Sethusankar</subfield>
</datafield>
</record>