
<record>
<leader>     nab a22     uu 4500</leader>
<controlfield tag="001">a297a02b54f34a96801a527751194591</controlfield>
<datafield tag="022" ind1=" " ind2=" ">
    <subfield code="a">2056-9890</subfield>
</datafield>
<datafield tag="024" ind1="7" ind2=" ">
        <subfield code="a">10.1107/S2056989015002212</subfield>
        <subfield code="2">doi</subfield>
    </datafield>
<datafield tag="100" ind1="0" ind2=" ">
    <subfield code="a">Augusto Rivera</subfield>
</datafield>
<datafield tag="245" ind1="0" ind2="0">
    <subfield code="a">Crystal structure of the di-Mannich base 4,4′-dichloro-3,3′,5,5′-tetramethyl-2,2′-[imidazolidine-1,3-diylbis(methylene)]diphenol</subfield>
</datafield>
<datafield tag="700" ind1="0" ind2=" ">
    <subfield code="a">Luz Stella Nerio</subfield>
</datafield>
<datafield tag="700" ind1="0" ind2=" ">
    <subfield code="a">Michael Bolte</subfield>
</datafield>
</record>