
<record>
<leader>     nab a22     uu 4500</leader>
<controlfield tag="001">a6a9581c913b4227bf1ef6b2cbeacd85</controlfield>
<datafield tag="022" ind1=" " ind2=" ">
    <subfield code="a">2056-9890</subfield>
</datafield>
<datafield tag="024" ind1="7" ind2=" ">
        <subfield code="a">10.1107/S2056989015002819</subfield>
        <subfield code="2">doi</subfield>
    </datafield>
<datafield tag="100" ind1="0" ind2=" ">
    <subfield code="a">Joshua H. Palmer</subfield>
</datafield>
<datafield tag="245" ind1="0" ind2="0">
    <subfield code="a">Crystal structure of bis[1-(2-hydroxyethyl)-2-methyl-5-nitro-1H-imidazole-κN3]silver(I) tetrafluoridoborate methanol monosolvate</subfield>
</datafield>
<datafield tag="700" ind1="0" ind2=" ">
    <subfield code="a">Rita K. Upmacis</subfield>
</datafield>
</record>