
<record>
<leader>     nab a22     uu 4500</leader>
<controlfield tag="001">eb0bff6809bf4a548fb32d2a6b5a4853</controlfield>
<datafield tag="022" ind1=" " ind2=" ">
    <subfield code="a">2056-9890</subfield>
</datafield>
<datafield tag="024" ind1="7" ind2=" ">
        <subfield code="a">10.1107/S2056989015003151</subfield>
        <subfield code="2">doi</subfield>
    </datafield>
<datafield tag="100" ind1="0" ind2=" ">
    <subfield code="a">William W. Brennessel</subfield>
</datafield>
<datafield tag="245" ind1="0" ind2="0">
    <subfield code="a">Crystal structure of (18-crown-6)potassium(I) [(1,2,3,4,5-η)-cycloheptadienyl][(1,2,3-η)-cycloheptatrienyl]cobalt(I)</subfield>
</datafield>
<datafield tag="700" ind1="0" ind2=" ">
    <subfield code="a">John E. Ellis</subfield>
</datafield>
</record>