
<record>
<leader>     nab a22     uu 4500</leader>
<controlfield tag="001">96fdbd3e20894cf3899c766373fc9efa</controlfield>
<datafield tag="022" ind1=" " ind2=" ">
    <subfield code="a">2056-9890</subfield>
</datafield>
<datafield tag="024" ind1="7" ind2=" ">
        <subfield code="a">10.1107/S2056989015003345</subfield>
        <subfield code="2">doi</subfield>
    </datafield>
<datafield tag="100" ind1="0" ind2=" ">
    <subfield code="a">Chahira Bouzidi</subfield>
</datafield>
<datafield tag="245" ind1="0" ind2="0">
    <subfield code="a">Synthèse et structure cristalline d&apos;un matériau noir AgMnII3(MnIII0,26Al0,74)(MoO4)5</subfield>
</datafield>
<datafield tag="700" ind1="0" ind2=" ">
    <subfield code="a">Wafa Frigui</subfield>
</datafield>
<datafield tag="700" ind1="0" ind2=" ">
    <subfield code="a">Mohamed Faouzi Zid</subfield>
</datafield>
</record>