
<record>
<leader>     nab a22     uu 4500</leader>
<controlfield tag="001">3d7a6f8c3ae74b4780f0a1796d01c83d</controlfield>
<datafield tag="022" ind1=" " ind2=" ">
    <subfield code="a">2056-9890</subfield>
</datafield>
<datafield tag="024" ind1="7" ind2=" ">
        <subfield code="a">10.1107/S2056989015002807</subfield>
        <subfield code="2">doi</subfield>
    </datafield>
<datafield tag="100" ind1="0" ind2=" ">
    <subfield code="a">Xiao-Xiao Liu</subfield>
</datafield>
<datafield tag="245" ind1="0" ind2="0">
    <subfield code="a">Crystal structure and luminescent properties of [1-(biphenyl-4-yl)-1H-imidazole-κN3]dichloridozinc</subfield>
</datafield>
<datafield tag="700" ind1="0" ind2=" ">
    <subfield code="a">Yuan Wang</subfield>
</datafield>
</record>