
<record>
<leader>     nab a22     uu 4500</leader>
<controlfield tag="001">f06ab39e276b4736a083a80f61f03c76</controlfield>
<datafield tag="022" ind1=" " ind2=" ">
    <subfield code="a">2056-9890</subfield>
</datafield>
<datafield tag="024" ind1="7" ind2=" ">
        <subfield code="a">10.1107/S2056989015002091</subfield>
        <subfield code="2">doi</subfield>
    </datafield>
<datafield tag="100" ind1="0" ind2=" ">
    <subfield code="a">Andrzej Czerwinski</subfield>
</datafield>
<datafield tag="245" ind1="0" ind2="0">
    <subfield code="a">Crystal structure of N-{N-[N-acetyl-(S)-leucyl]-(S)-leucyl}norleucinal (ALLN), an inhibitor of proteasome</subfield>
</datafield>
<datafield tag="700" ind1="0" ind2=" ">
    <subfield code="a">Channa Basava</subfield>
</datafield>
<datafield tag="700" ind1="0" ind2=" ">
    <subfield code="a">Miroslawa Dauter</subfield>
</datafield>
<datafield tag="700" ind1="0" ind2=" ">
    <subfield code="a">Zbigniew Dauter</subfield>
</datafield>
</record>