
<record>
<leader>     nab a22     uu 4500</leader>
<controlfield tag="001">b9d4d26acbbe4516a285d147488b27c2</controlfield>
<datafield tag="022" ind1=" " ind2=" ">
    <subfield code="a">2056-9890</subfield>
</datafield>
<datafield tag="024" ind1="7" ind2=" ">
        <subfield code="a">10.1107/S2056989015001814</subfield>
        <subfield code="2">doi</subfield>
    </datafield>
<datafield tag="100" ind1="0" ind2=" ">
    <subfield code="a">Md. Serajul Haque Faizi</subfield>
</datafield>
<datafield tag="245" ind1="0" ind2="0">
    <subfield code="a">Crystal structure of N1-phenyl-N4-[(E)-(pyren-1-yl)methylidene]benzene-1,4-diamine</subfield>
</datafield>
<datafield tag="700" ind1="0" ind2=" ">
    <subfield code="a">Elena V. Prisyazhnaya</subfield>
</datafield>
</record>