
<record>
<leader>     nab a22     uu 4500</leader>
<controlfield tag="001">005e0aff4665471fa1d70549bbf94f15</controlfield>
<datafield tag="022" ind1=" " ind2=" ">
    <subfield code="a">2056-9890</subfield>
</datafield>
<datafield tag="024" ind1="7" ind2=" ">
        <subfield code="a">10.1107/S2056989015001954</subfield>
        <subfield code="2">doi</subfield>
    </datafield>
<datafield tag="100" ind1="0" ind2=" ">
    <subfield code="a">Hemant P. Yennawar</subfield>
</datafield>
<datafield tag="245" ind1="0" ind2="0">
    <subfield code="a">Crystal structures of 2,3-bis(4-chlorophenyl)-1,3-thiazolidin-4-one and trans-2,3-bis(4-chlorophenyl)-1,3-thiazolidin-4-one 1-oxide</subfield>
</datafield>
<datafield tag="700" ind1="0" ind2=" ">
    <subfield code="a">John Tierney</subfield>
</datafield>
<datafield tag="700" ind1="0" ind2=" ">
    <subfield code="a">Patrick D. Hullihen</subfield>
</datafield>
<datafield tag="700" ind1="0" ind2=" ">
    <subfield code="a">Lee J. Silverberg</subfield>
</datafield>
</record>