
<record>
<leader>     nab a22     uu 4500</leader>
<controlfield tag="001">2ec6e0996ed2412ab8cd5161d76d3f92</controlfield>
<datafield tag="022" ind1=" " ind2=" ">
    <subfield code="a">2056-9890</subfield>
</datafield>
<datafield tag="024" ind1="7" ind2=" ">
        <subfield code="a">10.1107/S205698901500170X</subfield>
        <subfield code="2">doi</subfield>
    </datafield>
<datafield tag="100" ind1="0" ind2=" ">
    <subfield code="a">Ahmed Benharref</subfield>
</datafield>
<datafield tag="245" ind1="0" ind2="0">
    <subfield code="a">Crystal structure of (1S,2R,4R,9S,11S,12R)-9α-hydroxy-4,8-dimethyl-12-[(thiomorpholin-4-yl)methyl]-3,14-dioxatricyclo[9.3.0.02,4]tetradec-7-en-13-one</subfield>
</datafield>
<datafield tag="700" ind1="0" ind2=" ">
    <subfield code="a">Mohamed Akssira</subfield>
</datafield>
<datafield tag="700" ind1="0" ind2=" ">
    <subfield code="a">Lahcen El Ammari</subfield>
</datafield>
<datafield tag="700" ind1="0" ind2=" ">
    <subfield code="a">Mohamed Saadi</subfield>
</datafield>
<datafield tag="700" ind1="0" ind2=" ">
    <subfield code="a">Moha Berraho</subfield>
</datafield>
</record>