
<record>
<leader>     nab a22     uu 4500</leader>
<controlfield tag="001">5cdd99962dc44bca806cd9d8bdf2f8bf</controlfield>
<datafield tag="022" ind1=" " ind2=" ">
    <subfield code="a">2056-9890</subfield>
</datafield>
<datafield tag="024" ind1="7" ind2=" ">
        <subfield code="a">10.1107/S205698901500184X</subfield>
        <subfield code="2">doi</subfield>
    </datafield>
<datafield tag="100" ind1="0" ind2=" ">
    <subfield code="a">Neelakandan Devika</subfield>
</datafield>
<datafield tag="245" ind1="0" ind2="0">
    <subfield code="a">Crystal structure of chlorido(2-{1-[2-(4-chlorophenyl)hydrazin-1-ylidene-κN]ethyl}pyridine-κN)(η5-pentamethylcyclopentadienyl)rhodium(III) chloride</subfield>
</datafield>
<datafield tag="700" ind1="0" ind2=" ">
    <subfield code="a">Nandhagopal Raja</subfield>
</datafield>
<datafield tag="700" ind1="0" ind2=" ">
    <subfield code="a">Subbiah Ananthalakshmi</subfield>
</datafield>
<datafield tag="700" ind1="0" ind2=" ">
    <subfield code="a">Bruno Therrien</subfield>
</datafield>
</record>