
<record>
<leader>     nab a22     uu 4500</leader>
<controlfield tag="001">40f2ab6ab503448999b6848061284a93</controlfield>
<datafield tag="022" ind1=" " ind2=" ">
    <subfield code="a">2056-9890</subfield>
</datafield>
<datafield tag="024" ind1="7" ind2=" ">
        <subfield code="a">10.1107/S2056989015001401</subfield>
        <subfield code="2">doi</subfield>
    </datafield>
<datafield tag="100" ind1="0" ind2=" ">
    <subfield code="a">Muhammad Nawaz Tahir</subfield>
</datafield>
<datafield tag="245" ind1="0" ind2="0">
    <subfield code="a">Crystal structure of 3-{(E)-[(3,4-dichlorophenyl)imino]methyl}benzene-1,2-diol</subfield>
</datafield>
<datafield tag="700" ind1="0" ind2=" ">
    <subfield code="a">Hazoor Ahmad Shad</subfield>
</datafield>
<datafield tag="700" ind1="0" ind2=" ">
    <subfield code="a">Abdul Rauf</subfield>
</datafield>
<datafield tag="700" ind1="0" ind2=" ">
    <subfield code="a">Abdul Haleem Khan</subfield>
</datafield>
</record>