
<record>
<leader>     nab a22     uu 4500</leader>
<controlfield tag="001">0e9f3a720f4b437a81690bc4d053a26f</controlfield>
<datafield tag="022" ind1=" " ind2=" ">
    <subfield code="a">2056-9890</subfield>
</datafield>
<datafield tag="024" ind1="7" ind2=" ">
        <subfield code="a">10.1107/S2056989015000833</subfield>
        <subfield code="2">doi</subfield>
    </datafield>
<datafield tag="100" ind1="0" ind2=" ">
    <subfield code="a">Preetika Sharma</subfield>
</datafield>
<datafield tag="245" ind1="0" ind2="0">
    <subfield code="a">Crystal structure of 2-methyl-4-[(thiophen-2-yl)methylidene]-1,3-oxazol-5(4H)-one</subfield>
</datafield>
<datafield tag="700" ind1="0" ind2=" ">
    <subfield code="a">K. N. Subbulakshmi</subfield>
</datafield>
<datafield tag="700" ind1="0" ind2=" ">
    <subfield code="a">B. Narayana</subfield>
</datafield>
<datafield tag="700" ind1="0" ind2=" ">
    <subfield code="a">K. Byrappa</subfield>
</datafield>
<datafield tag="700" ind1="0" ind2=" ">
    <subfield code="a">Rajni Kant</subfield>
</datafield>
</record>