
<record>
<leader>     nab a22     uu 4500</leader>
<controlfield tag="001">58e9571c96e04eb085d3c03fa02a7dd2</controlfield>
<datafield tag="022" ind1=" " ind2=" ">
    <subfield code="a">2056-9890</subfield>
</datafield>
<datafield tag="024" ind1="7" ind2=" ">
        <subfield code="a">10.1107/S2056989015000559</subfield>
        <subfield code="2">doi</subfield>
    </datafield>
<datafield tag="100" ind1="0" ind2=" ">
    <subfield code="a">A. Dhandapani</subfield>
</datafield>
<datafield tag="245" ind1="0" ind2="0">
    <subfield code="a">Crystal structure of ethyl (2S)-9-methoxy-2-methyl-4-oxo-3,4,5,6-tetrahydro-2H- 2,6-methanobenzo[g][1,3,5]oxadiazocine-11-carboxylate</subfield>
</datafield>
<datafield tag="700" ind1="0" ind2=" ">
    <subfield code="a">S. Manivarman</subfield>
</datafield>
<datafield tag="700" ind1="0" ind2=" ">
    <subfield code="a">S. Subashchandrabose</subfield>
</datafield>
<datafield tag="700" ind1="0" ind2=" ">
    <subfield code="a">B. Gunasekaran</subfield>
</datafield>
</record>