
<record>
<leader>     nab a22     uu 4500</leader>
<controlfield tag="001">21d0d8f2cf2744fdb1c2229c06163419</controlfield>
<datafield tag="022" ind1=" " ind2=" ">
    <subfield code="a">2056-9890</subfield>
</datafield>
<datafield tag="024" ind1="7" ind2=" ">
        <subfield code="a">10.1107/S2056989015000286</subfield>
        <subfield code="2">doi</subfield>
    </datafield>
<datafield tag="100" ind1="0" ind2=" ">
    <subfield code="a">J. Josephine Novina</subfield>
</datafield>
<datafield tag="245" ind1="0" ind2="0">
    <subfield code="a">Crystal structure of (E)-3-{[2-(2,4-dichlorobenzylidene)hydrazin-1-yl]carbonyl}pyridinium chloride trihydrate</subfield>
</datafield>
<datafield tag="700" ind1="0" ind2=" ">
    <subfield code="a">G. Vasuki</subfield>
</datafield>
<datafield tag="700" ind1="0" ind2=" ">
    <subfield code="a">M. Suresh</subfield>
</datafield>
<datafield tag="700" ind1="0" ind2=" ">
    <subfield code="a">M. Syed Ali Padusha</subfield>
</datafield>
</record>