
<record>
<leader>     nab a22     uu 4500</leader>
<controlfield tag="001">abcab8ef0a4d4b12a290e229eaf474da</controlfield>
<datafield tag="022" ind1=" " ind2=" ">
    <subfield code="a">2056-9890</subfield>
</datafield>
<datafield tag="024" ind1="7" ind2=" ">
        <subfield code="a">10.1107/S2056989015000055</subfield>
        <subfield code="2">doi</subfield>
    </datafield>
<datafield tag="100" ind1="0" ind2=" ">
    <subfield code="a">Guy Crundwell</subfield>
</datafield>
<datafield tag="245" ind1="0" ind2="0">
    <subfield code="a">6,7-Dichloro-2,3-bis(pyridin-2-yl)quinoxaline</subfield>
</datafield>
<datafield tag="700" ind1="0" ind2=" ">
    <subfield code="a">Neil M. Glagovich</subfield>
</datafield>
<datafield tag="700" ind1="0" ind2=" ">
    <subfield code="a">Melissa E. King</subfield>
</datafield>
</record>