
<record>
<leader>     nab a22     uu 4500</leader>
<controlfield tag="001">f77c31fe2598444d8f521ab45e69141a</controlfield>
<datafield tag="022" ind1=" " ind2=" ">
    <subfield code="a">2056-9890</subfield>
</datafield>
<datafield tag="024" ind1="7" ind2=" ">
        <subfield code="a">10.1107/S205698901402828X</subfield>
        <subfield code="2">doi</subfield>
    </datafield>
<datafield tag="100" ind1="0" ind2=" ">
    <subfield code="a">Mohammed El Fal</subfield>
</datafield>
<datafield tag="245" ind1="0" ind2="0">
    <subfield code="a">The crystal structure of 1,5-dibenzyl-1H-pyrazolo[3,4-d]pyrimidine-4(5H)-thione</subfield>
</datafield>
<datafield tag="700" ind1="0" ind2=" ">
    <subfield code="a">Youssef Ramli</subfield>
</datafield>
<datafield tag="700" ind1="0" ind2=" ">
    <subfield code="a">El Mokhtar Essassi</subfield>
</datafield>
<datafield tag="700" ind1="0" ind2=" ">
    <subfield code="a">Mohamed Saadi</subfield>
</datafield>
<datafield tag="700" ind1="0" ind2=" ">
    <subfield code="a">Lahcen El Ammari</subfield>
</datafield>
</record>