
<record>
<leader>     nab a22     uu 4500</leader>
<controlfield tag="001">ee3bd3233ecd4ce0b20f48d637cb9fc8</controlfield>
<datafield tag="022" ind1=" " ind2=" ">
    <subfield code="a">2056-9890</subfield>
</datafield>
<datafield tag="024" ind1="7" ind2=" ">
        <subfield code="a">10.1107/S2056989015000079</subfield>
        <subfield code="2">doi</subfield>
    </datafield>
<datafield tag="100" ind1="0" ind2=" ">
    <subfield code="a">T. Mohandas</subfield>
</datafield>
<datafield tag="245" ind1="0" ind2="0">
    <subfield code="a">Crystal structure of isobutyl 4-(2-chlorophenyl)-5-cyano-6-{(E)-[(dimethylamino)methylidene]amino}-2-methyl-4H-pyran-3-carboxylate</subfield>
</datafield>
<datafield tag="700" ind1="0" ind2=" ">
    <subfield code="a">C. Udhaya Kumar</subfield>
</datafield>
<datafield tag="700" ind1="0" ind2=" ">
    <subfield code="a">S. Aruna Devi</subfield>
</datafield>
<datafield tag="700" ind1="0" ind2=" ">
    <subfield code="a">B. Arul Prakasam</subfield>
</datafield>
<datafield tag="700" ind1="0" ind2=" ">
    <subfield code="a">P. Sakthivel</subfield>
</datafield>
<datafield tag="700" ind1="0" ind2=" ">
    <subfield code="a">T. Vidhyasagar</subfield>
</datafield>
</record>