
<record>
<leader>     nab a22     uu 4500</leader>
<controlfield tag="001">9133abeff9804b5fbe67928e50fe19ce</controlfield>
<datafield tag="022" ind1=" " ind2=" ">
    <subfield code="a">2056-9890</subfield>
</datafield>
<datafield tag="024" ind1="7" ind2=" ">
        <subfield code="a">10.1107/S2056989014027698</subfield>
        <subfield code="2">doi</subfield>
    </datafield>
<datafield tag="100" ind1="0" ind2=" ">
    <subfield code="a">R.A. Nagalakshmi</subfield>
</datafield>
<datafield tag="245" ind1="0" ind2="0">
    <subfield code="a">Crystal structure of 1′,1′′-dimethyl-4′-(4-cholorophenyl)dispiro[11H-indeno[1,2-b]quinoxaline-11,2′-pyrrolidine-3′,3′′-piperidin]-4′′-one</subfield>
</datafield>
<datafield tag="700" ind1="0" ind2=" ">
    <subfield code="a">J. Suresh</subfield>
</datafield>
<datafield tag="700" ind1="0" ind2=" ">
    <subfield code="a">K. Malathi</subfield>
</datafield>
<datafield tag="700" ind1="0" ind2=" ">
    <subfield code="a">R. Ranjith Kumar</subfield>
</datafield>
<datafield tag="700" ind1="0" ind2=" ">
    <subfield code="a">P. L. Nilantha Lakshman</subfield>
</datafield>
</record>