
<record>
<leader>     nab a22     uu 4500</leader>
<controlfield tag="001">e957c5640ac847d5af029b029cdb6e38</controlfield>
<datafield tag="022" ind1=" " ind2=" ">
    <subfield code="a">2056-9890</subfield>
</datafield>
<datafield tag="024" ind1="7" ind2=" ">
        <subfield code="a">10.1107/S2056989014027285</subfield>
        <subfield code="2">doi</subfield>
    </datafield>
<datafield tag="100" ind1="0" ind2=" ">
    <subfield code="a">Shaaban K. Mohamed</subfield>
</datafield>
<datafield tag="245" ind1="0" ind2="0">
    <subfield code="a">Crystal structure of N-[(8E)-12-methyl-14-phenyl-10,13,14,16-tetraazatetracyclo[7.7.0.02,7.011,15]hexadeca-1(16),2,4,6,9,11(15),12-heptaen-8-ylidene]hydroxylamine 1,4-dioxane hemisolvate</subfield>
</datafield>
<datafield tag="700" ind1="0" ind2=" ">
    <subfield code="a">Joel T. Mague</subfield>
</datafield>
<datafield tag="700" ind1="0" ind2=" ">
    <subfield code="a">Mehmet Akkurt</subfield>
</datafield>
<datafield tag="700" ind1="0" ind2=" ">
    <subfield code="a">Talaat I. El-Emary</subfield>
</datafield>
<datafield tag="700" ind1="0" ind2=" ">
    <subfield code="a">Mustafa R. Albayati</subfield>
</datafield>
</record>