
<record>
<leader>     nab a22     uu 4500</leader>
<controlfield tag="001">6d4ee192db2540459af2d7ac38b0f198</controlfield>
<datafield tag="022" ind1=" " ind2=" ">
    <subfield code="a">2056-9890</subfield>
</datafield>
<datafield tag="024" ind1="7" ind2=" ">
        <subfield code="a">10.1107/S2056989015000778</subfield>
        <subfield code="2">doi</subfield>
    </datafield>
<datafield tag="100" ind1="0" ind2=" ">
    <subfield code="a">Md. Serajul Haque Faizi</subfield>
</datafield>
<datafield tag="245" ind1="0" ind2="0">
    <subfield code="a">Crystal structure of dibromido(N,N-dimethylformamide-κO){2-(1H-indol-3-yl)-N-[(quinolin-2-yl-κN)methylidene]ethanamine-κN}cadmium</subfield>
</datafield>
<datafield tag="700" ind1="0" ind2=" ">
    <subfield code="a">Natalia O. Sharkina</subfield>
</datafield>
<datafield tag="700" ind1="0" ind2=" ">
    <subfield code="a">Yuliya M. Davydenko</subfield>
</datafield>
</record>