
<record>
<leader>     nab a22     uu 4500</leader>
<controlfield tag="001">719bbe99496a459ea60dc377a77e5c3f</controlfield>
<datafield tag="022" ind1=" " ind2=" ">
    <subfield code="a">2056-9890</subfield>
</datafield>
<datafield tag="024" ind1="7" ind2=" ">
        <subfield code="a">10.1107/S205698901500153X</subfield>
        <subfield code="2">doi</subfield>
    </datafield>
<datafield tag="100" ind1="0" ind2=" ">
    <subfield code="a">Dennis Awasabisah</subfield>
</datafield>
<datafield tag="245" ind1="0" ind2="0">
    <subfield code="a">Crystal structure of chlorido{5,10,15,20-tetrakis[2-(2,2-dimethylpropanamido)phenyl]porphyrinato-κ4N}iron(III)</subfield>
</datafield>
<datafield tag="700" ind1="0" ind2=" ">
    <subfield code="a">Douglas R. Powell</subfield>
</datafield>
<datafield tag="700" ind1="0" ind2=" ">
    <subfield code="a">George B. Richter-Addo</subfield>
</datafield>
</record>