
<record>
<leader>     nab a22     uu 4500</leader>
<controlfield tag="001">0f24e1a6bd934f988f4757705d9f3ba0</controlfield>
<datafield tag="022" ind1=" " ind2=" ">
    <subfield code="a">2056-9890</subfield>
</datafield>
<datafield tag="024" ind1="7" ind2=" ">
        <subfield code="a">10.1107/S2056989015001310</subfield>
        <subfield code="2">doi</subfield>
    </datafield>
<datafield tag="100" ind1="0" ind2=" ">
    <subfield code="a">Sujirat Boonlue</subfield>
</datafield>
<datafield tag="245" ind1="0" ind2="0">
    <subfield code="a">Crystal structure of bis[μ-methoxy(pyridin-2-yl)methanolato-κ3N,O:O]bis[chloridocopper(II)]</subfield>
</datafield>
<datafield tag="700" ind1="0" ind2=" ">
    <subfield code="a">Anchalee Sirikulkajorn</subfield>
</datafield>
<datafield tag="700" ind1="0" ind2=" ">
    <subfield code="a">Kittipong Chainok</subfield>
</datafield>
</record>