
<record>
<leader>     nab a22     uu 4500</leader>
<controlfield tag="001">b8059a96c59b4b97a3e6b5bcdb8cd8f7</controlfield>
<datafield tag="022" ind1=" " ind2=" ">
    <subfield code="a">2056-9890</subfield>
</datafield>
<datafield tag="024" ind1="7" ind2=" ">
        <subfield code="a">10.1107/S205698901500136X</subfield>
        <subfield code="2">doi</subfield>
    </datafield>
<datafield tag="100" ind1="0" ind2=" ">
    <subfield code="a">Bradley G. Anderson</subfield>
</datafield>
<datafield tag="245" ind1="0" ind2="0">
    <subfield code="a">Crystal structure of bis[1,3-bis(diphenylphosphanyl)propane-κ2P,P′]platinum(II) dichloride chloroform pentasolvate</subfield>
</datafield>
<datafield tag="700" ind1="0" ind2=" ">
    <subfield code="a">Sarah A. Hoyte</subfield>
</datafield>
<datafield tag="700" ind1="0" ind2=" ">
    <subfield code="a">John L. Spencer</subfield>
</datafield>
</record>