
<record>
<leader>     nab a22     uu 4500</leader>
<controlfield tag="001">fa804defcf944a9da4c3e867c2b334df</controlfield>
<datafield tag="022" ind1=" " ind2=" ">
    <subfield code="a">2056-9890</subfield>
</datafield>
<datafield tag="024" ind1="7" ind2=" ">
        <subfield code="a">10.1107/S2056989015001735</subfield>
        <subfield code="2">doi</subfield>
    </datafield>
<datafield tag="100" ind1="0" ind2=" ">
    <subfield code="a">Miki Nishi</subfield>
</datafield>
<datafield tag="245" ind1="0" ind2="0">
    <subfield code="a">Crystal structure of bis(tetraphenylphosphonium) bis(cyanido-κC)(29H,31H-tetrabenzo[b,g,l,q]porphinato-κ4N29,N30,N31,N32)ferrate(II) acetone disolvate</subfield>
</datafield>
<datafield tag="700" ind1="0" ind2=" ">
    <subfield code="a">Masaki Matsuda</subfield>
</datafield>
<datafield tag="700" ind1="0" ind2=" ">
    <subfield code="a">Norihisa Hoshino</subfield>
</datafield>
<datafield tag="700" ind1="0" ind2=" ">
    <subfield code="a">Tomoyuki Akutagawa</subfield>
</datafield>
</record>