
<record>
<leader>     nab a22     uu 4500</leader>
<controlfield tag="001">404a0f29228546dd885e28ede27b702f</controlfield>
<datafield tag="022" ind1=" " ind2=" ">
    <subfield code="a">2056-9890</subfield>
</datafield>
<datafield tag="024" ind1="7" ind2=" ">
        <subfield code="a">10.1107/S2056989015000328</subfield>
        <subfield code="2">doi</subfield>
    </datafield>
<datafield tag="100" ind1="0" ind2=" ">
    <subfield code="a">M. B. H. Howlader</subfield>
</datafield>
<datafield tag="245" ind1="0" ind2="0">
    <subfield code="a">Crystal structure of bis[S-hexyl 3-(4-methylbenzylidene)dithiocarbazato-κ2N3,S]nickel(II)</subfield>
</datafield>
<datafield tag="700" ind1="0" ind2=" ">
    <subfield code="a">M. S. Begum</subfield>
</datafield>
<datafield tag="700" ind1="0" ind2=" ">
    <subfield code="a">M. C. Sheikh</subfield>
</datafield>
<datafield tag="700" ind1="0" ind2=" ">
    <subfield code="a">R. Miyatake</subfield>
</datafield>
<datafield tag="700" ind1="0" ind2=" ">
    <subfield code="a">E. Zangrando</subfield>
</datafield>
</record>