
<record>
<leader>     nab a22     uu 4500</leader>
<controlfield tag="001">6b9c485d32f941e4bbe6e342ec684465</controlfield>
<datafield tag="022" ind1=" " ind2=" ">
    <subfield code="a">2056-9890</subfield>
</datafield>
<datafield tag="024" ind1="7" ind2=" ">
        <subfield code="a">10.1107/S2056989015001565</subfield>
        <subfield code="2">doi</subfield>
    </datafield>
<datafield tag="100" ind1="0" ind2=" ">
    <subfield code="a">Ahmed Said Mohamed</subfield>
</datafield>
<datafield tag="245" ind1="0" ind2="0">
    <subfield code="a">Crystal structure of tricarbonyl(μ-diphenylphosphido-κ2P:P)(methyldiphenylsilyl-κSi)bis(triphenylphosphane-κP)iron(II)platinum(0)(Fe—Pt)</subfield>
</datafield>
<datafield tag="700" ind1="0" ind2=" ">
    <subfield code="a">Isabelle Jourdain</subfield>
</datafield>
<datafield tag="700" ind1="0" ind2=" ">
    <subfield code="a">Michael Knorr</subfield>
</datafield>
<datafield tag="700" ind1="0" ind2=" ">
    <subfield code="a">Yoann Rousselin</subfield>
</datafield>
<datafield tag="700" ind1="0" ind2=" ">
    <subfield code="a">Marek M. Kubicki</subfield>
</datafield>
</record>