
<record>
<leader>     nab a22     uu 4500</leader>
<controlfield tag="001">962803d7980e41888d4fff4ee90d7dc9</controlfield>
<datafield tag="022" ind1=" " ind2=" ">
    <subfield code="a">2056-9890</subfield>
</datafield>
<datafield tag="024" ind1="7" ind2=" ">
        <subfield code="a">10.1107/S2056989015001760</subfield>
        <subfield code="2">doi</subfield>
    </datafield>
<datafield tag="100" ind1="0" ind2=" ">
    <subfield code="a">Frank Strehler</subfield>
</datafield>
<datafield tag="245" ind1="0" ind2="0">
    <subfield code="a">Crystal structure of paddle-wheel sandwich-type [Cu2{(CH3)2CO}{μ-Fe(η5-C5H4C[triple-bond]N)2}3](BF4)2·(CH3)2CO</subfield>
</datafield>
<datafield tag="700" ind1="0" ind2=" ">
    <subfield code="a">Marcus Korb</subfield>
</datafield>
<datafield tag="700" ind1="0" ind2=" ">
    <subfield code="a">Heinrich Lang</subfield>
</datafield>
</record>