
<record>
<leader>     nab a22     uu 4500</leader>
<controlfield tag="001">1276102bcf0d48aebe498d796d3046a1</controlfield>
<datafield tag="022" ind1=" " ind2=" ">
    <subfield code="a">2056-9890</subfield>
</datafield>
<datafield tag="024" ind1="7" ind2=" ">
        <subfield code="a">10.1107/S2056989015001486</subfield>
        <subfield code="2">doi</subfield>
    </datafield>
<datafield tag="100" ind1="0" ind2=" ">
    <subfield code="a">Olga V. Hordiyenko</subfield>
</datafield>
<datafield tag="245" ind1="0" ind2="0">
    <subfield code="a">Crystal structure of 4-tert-butyl-2-{2-[N-(3,3-dimethyl-2-oxobutyl)-N-isopropylcarbamoyl]phenyl}-1-isopropyl-1H-imidazol-3-ium perchlorate</subfield>
</datafield>
<datafield tag="700" ind1="0" ind2=" ">
    <subfield code="a">Roman I. Zubatyuk</subfield>
</datafield>
</record>