
<record>
<leader>     nab a22     uu 4500</leader>
<controlfield tag="001">070bff4b07b04f29a48ea708f8895d3f</controlfield>
<datafield tag="022" ind1=" " ind2=" ">
    <subfield code="a">2056-9890</subfield>
</datafield>
<datafield tag="024" ind1="7" ind2=" ">
        <subfield code="a">10.1107/S2056989015001516</subfield>
        <subfield code="2">doi</subfield>
    </datafield>
<datafield tag="100" ind1="0" ind2=" ">
    <subfield code="a">Joseph S. Merola</subfield>
</datafield>
<datafield tag="245" ind1="0" ind2="0">
    <subfield code="a">Crystal structures of fac-trichloridotris(trimethylphosphane-κP)rhodium(III) monohydrate and fac-trichloridotris(trimethylphosphane-κP)rhodium(III) methanol hemisolvate: rhodium structures that are isotypic with their iridium analogs</subfield>
</datafield>
<datafield tag="700" ind1="0" ind2=" ">
    <subfield code="a">Marion A. Franks</subfield>
</datafield>
</record>