
<record>
<leader>     nab a22     uu 4500</leader>
<controlfield tag="001">91a1d67e348c4406a17ce0d6b33c7544</controlfield>
<datafield tag="022" ind1=" " ind2=" ">
    <subfield code="a">2056-9890</subfield>
</datafield>
<datafield tag="024" ind1="7" ind2=" ">
        <subfield code="a">10.1107/S205698901500095X</subfield>
        <subfield code="2">doi</subfield>
    </datafield>
<datafield tag="100" ind1="0" ind2=" ">
    <subfield code="a">Yew-Fung Tan</subfield>
</datafield>
<datafield tag="245" ind1="0" ind2="0">
    <subfield code="a">Crystal structure of benzyl (E)-2-(3,4-dimethoxybenzylidene)hydrazine-1-carbodithioate</subfield>
</datafield>
<datafield tag="700" ind1="0" ind2=" ">
    <subfield code="a">Mohammed Khaled bin Break</subfield>
</datafield>
<datafield tag="700" ind1="0" ind2=" ">
    <subfield code="a">M. Ibrahim M. Tahir</subfield>
</datafield>
<datafield tag="700" ind1="0" ind2=" ">
    <subfield code="a">Teng-Jin Khoo</subfield>
</datafield>
</record>