
<record>
<leader>     nab a22     uu 4500</leader>
<controlfield tag="001">40d7a2776ac347f4a81510154f33dad4</controlfield>
<datafield tag="022" ind1=" " ind2=" ">
    <subfield code="a">2056-9890</subfield>
</datafield>
<datafield tag="024" ind1="7" ind2=" ">
        <subfield code="a">10.1107/S2056989015001152</subfield>
        <subfield code="2">doi</subfield>
    </datafield>
<datafield tag="100" ind1="0" ind2=" ">
    <subfield code="a">Dohyun Moon</subfield>
</datafield>
<datafield tag="245" ind1="0" ind2="0">
    <subfield code="a">Crystal structure of ammonium bis(pyridine-2,6-dicarboxylato-κ3O,N,O′)chromate(III) from synchrotron data</subfield>
</datafield>
<datafield tag="700" ind1="0" ind2=" ">
    <subfield code="a">Jong-Ha Choi</subfield>
</datafield>
</record>