
<record>
<leader>     nab a22     uu 4500</leader>
<controlfield tag="001">0a8338d391684a87a403398eeea224a4</controlfield>
<datafield tag="022" ind1=" " ind2=" ">
    <subfield code="a">2056-9890</subfield>
</datafield>
<datafield tag="024" ind1="7" ind2=" ">
        <subfield code="a">10.1107/S2056989015001073</subfield>
        <subfield code="2">doi</subfield>
    </datafield>
<datafield tag="100" ind1="0" ind2=" ">
    <subfield code="a">S. Gopinath</subfield>
</datafield>
<datafield tag="245" ind1="0" ind2="0">
    <subfield code="a">Crystal structures and conformations of two Diels–Alder adduct derivatives: 1,8-bis(thiophen-2-yl)-14-oxatetracyclo[6.5.1.02,7.09,13]tetradeca-2(7),3,5-trien-10-one and 1,8-diphenyl-14-oxatetracyclo[6.5.1.02,7.09,13] tetradeca-2,4,6-trien-10-one</subfield>
</datafield>
<datafield tag="700" ind1="0" ind2=" ">
    <subfield code="a">P. Narayanan</subfield>
</datafield>
<datafield tag="700" ind1="0" ind2=" ">
    <subfield code="a">K. Sethusankar</subfield>
</datafield>
<datafield tag="700" ind1="0" ind2=" ">
    <subfield code="a">Meganathan Nandakumar</subfield>
</datafield>
<datafield tag="700" ind1="0" ind2=" ">
    <subfield code="a">Arasambattu K. Mohanakrishnan</subfield>
</datafield>
</record>