
<record>
<leader>     nab a22     uu 4500</leader>
<controlfield tag="001">1a452a4cb1144b68b54baf9860302ed4</controlfield>
<datafield tag="022" ind1=" " ind2=" ">
    <subfield code="a">2056-9890</subfield>
</datafield>
<datafield tag="024" ind1="7" ind2=" ">
        <subfield code="a">10.1107/S2056989015000936</subfield>
        <subfield code="2">doi</subfield>
    </datafield>
<datafield tag="100" ind1="0" ind2=" ">
    <subfield code="a">Sue A. Roberts</subfield>
</datafield>
<datafield tag="245" ind1="0" ind2="0">
    <subfield code="a">Crystal structures of N-tert-butyl-3-(4-fluorophenyl)-5-oxo-4-[2-(trifluoromethoxy)phenyl]-2,5-dihydrofuran-2-carboxamide and 4-(2H-1,3-benzodioxol-5-yl)-N-cyclohexyl-5-oxo-3-[4-(trifluoromethyl)phenyl]-2,5-dihydrofuran-2-carboxamide</subfield>
</datafield>
<datafield tag="700" ind1="0" ind2=" ">
    <subfield code="a">Guillermo Martinez-Ariza</subfield>
</datafield>
<datafield tag="700" ind1="0" ind2=" ">
    <subfield code="a">Christopher Hulme</subfield>
</datafield>
</record>