
<record>
<leader>     nab a22     uu 4500</leader>
<controlfield tag="001">265dc36fd27948f4b3ad92b0eeb8b3a5</controlfield>
<datafield tag="022" ind1=" " ind2=" ">
    <subfield code="a">2056-9890</subfield>
</datafield>
<datafield tag="024" ind1="7" ind2=" ">
        <subfield code="a">10.1107/S2056989015001115</subfield>
        <subfield code="2">doi</subfield>
    </datafield>
<datafield tag="100" ind1="0" ind2=" ">
    <subfield code="a">Jong Won Shin</subfield>
</datafield>
<datafield tag="245" ind1="0" ind2="0">
    <subfield code="a">Crystal structure of trans-(1,8-dibutyl-1,3,6,8,10,13-hexaazacyclotetradecane-κ4N3,N6,N10,N13)bis(isonicotinato-κO)copper(II) from synchrotron data</subfield>
</datafield>
<datafield tag="700" ind1="0" ind2=" ">
    <subfield code="a">Dae-Woong Kim</subfield>
</datafield>
<datafield tag="700" ind1="0" ind2=" ">
    <subfield code="a">Jin Hong Kim</subfield>
</datafield>
<datafield tag="700" ind1="0" ind2=" ">
    <subfield code="a">Dohyun Moon</subfield>
</datafield>
</record>