
<record>
<leader>     nab a22     uu 4500</leader>
<controlfield tag="001">b58e2fe7d24b48b991e43c29e35fe219</controlfield>
<datafield tag="022" ind1=" " ind2=" ">
    <subfield code="a">2056-9890</subfield>
</datafield>
<datafield tag="024" ind1="7" ind2=" ">
        <subfield code="a">10.1107/S2056989015001085</subfield>
        <subfield code="2">doi</subfield>
    </datafield>
<datafield tag="100" ind1="0" ind2=" ">
    <subfield code="a">Md. Serajul Haque Faizi</subfield>
</datafield>
<datafield tag="245" ind1="0" ind2="0">
    <subfield code="a">Crystal structure of aqua[N-(2-oxidobenzyl-κO)-l-leucinato-κ2N,O](1,10-phenanthroline-κ2N,N′)nickel(II) pentahydrate</subfield>
</datafield>
<datafield tag="700" ind1="0" ind2=" ">
    <subfield code="a">Natalia O. Sharkina</subfield>
</datafield>
</record>