
<record>
<leader>     nab a22     uu 4500</leader>
<controlfield tag="001">233132b73b664f4db0d45325ea43fe14</controlfield>
<datafield tag="022" ind1=" " ind2=" ">
    <subfield code="a">2056-9890</subfield>
</datafield>
<datafield tag="024" ind1="7" ind2=" ">
        <subfield code="a">10.1107/S2056989015000171</subfield>
        <subfield code="2">doi</subfield>
    </datafield>
<datafield tag="100" ind1="0" ind2=" ">
    <subfield code="a">Muhabbat Honkeldieva</subfield>
</datafield>
<datafield tag="245" ind1="0" ind2="0">
    <subfield code="a">Molecular and crystal structure of gossypol tetramethyl ether with an unknown solvate</subfield>
</datafield>
<datafield tag="700" ind1="0" ind2=" ">
    <subfield code="a">Samat Talipov</subfield>
</datafield>
<datafield tag="700" ind1="0" ind2=" ">
    <subfield code="a">Rustam Mardanov</subfield>
</datafield>
<datafield tag="700" ind1="0" ind2=" ">
    <subfield code="a">Bakhtiyar Ibragimov</subfield>
</datafield>
</record>