
<record>
<leader>     nab a22     uu 4500</leader>
<controlfield tag="001">646c8431cbfd4ea0ad8bf764b453e901</controlfield>
<datafield tag="022" ind1=" " ind2=" ">
    <subfield code="a">2056-9890</subfield>
</datafield>
<datafield tag="024" ind1="7" ind2=" ">
        <subfield code="a">10.1107/S2056989015000717</subfield>
        <subfield code="2">doi</subfield>
    </datafield>
<datafield tag="100" ind1="0" ind2=" ">
    <subfield code="a">Anaelle Tilborg</subfield>
</datafield>
<datafield tag="245" ind1="0" ind2="0">
    <subfield code="a">Crystal structure of 2,2′-oxybis(4-methylquinoline)</subfield>
</datafield>
</record>