
<record>
<leader>     nab a22     uu 4500</leader>
<controlfield tag="001">414429e9121045baba78cd3469f1e8b5</controlfield>
<datafield tag="022" ind1=" " ind2=" ">
    <subfield code="a">2056-9890</subfield>
</datafield>
<datafield tag="024" ind1="7" ind2=" ">
        <subfield code="a">10.1107/S2056989014028230</subfield>
        <subfield code="2">doi</subfield>
    </datafield>
<datafield tag="100" ind1="0" ind2=" ">
    <subfield code="a">Maurício P. Franco</subfield>
</datafield>
<datafield tag="245" ind1="0" ind2="0">
    <subfield code="a">Crystal structures of two decavanadates(V) with pentaaquamanganese(II) pendant groups: (NMe4)2[V10O28{Mn(H2O)5}2]·5H2O and [NH3C(CH2OH)3]2[V10O28{Mn(H2O)5}2]·2H2O</subfield>
</datafield>
<datafield tag="700" ind1="0" ind2=" ">
    <subfield code="a">André Luis Rüdiger</subfield>
</datafield>
<datafield tag="700" ind1="0" ind2=" ">
    <subfield code="a">Jaísa F. Soares</subfield>
</datafield>
<datafield tag="700" ind1="0" ind2=" ">
    <subfield code="a">Giovana G. Nunes</subfield>
</datafield>
<datafield tag="700" ind1="0" ind2=" ">
    <subfield code="a">David L. Hughes</subfield>
</datafield>
</record>