
<record>
<leader>     nab a22     uu 4500</leader>
<controlfield tag="001">6a744f0c6eeb497f88e96a3c4b9ded44</controlfield>
<datafield tag="022" ind1=" " ind2=" ">
    <subfield code="a">2056-9890</subfield>
</datafield>
<datafield tag="024" ind1="7" ind2=" ">
        <subfield code="a">10.1107/S205698901402756X</subfield>
        <subfield code="2">doi</subfield>
    </datafield>
<datafield tag="100" ind1="0" ind2=" ">
    <subfield code="a">Olga Kovalchukova</subfield>
</datafield>
<datafield tag="245" ind1="0" ind2="0">
    <subfield code="a">Crystal structure of chlorido{1-(2,3-dimethyl-5-oxido-1-phenyl-1H-pyrazol-2-ium-4-yl-κO)-2-[3-methyl-5-oxo-1-phenyl-4,5-dihydro-1H-pyrazol-4-ylidene-κO]hydrazin-1-ido-κN1}copper(II) from laboratory X-ray powder data</subfield>
</datafield>
<datafield tag="700" ind1="0" ind2=" ">
    <subfield code="a">Van Nguen</subfield>
</datafield>
<datafield tag="700" ind1="0" ind2=" ">
    <subfield code="a">Svetlana Strashnova</subfield>
</datafield>
<datafield tag="700" ind1="0" ind2=" ">
    <subfield code="a">Dmitry Kuznetsov</subfield>
</datafield>
<datafield tag="700" ind1="0" ind2=" ">
    <subfield code="a">Teimuraz Berikashvili</subfield>
</datafield>
</record>