
<record>
<leader>     nab a22     uu 4500</leader>
<controlfield tag="001">7cf8fcee9c504060971812805caadd63</controlfield>
<datafield tag="022" ind1=" " ind2=" ">
    <subfield code="a">2056-9890</subfield>
</datafield>
<datafield tag="024" ind1="7" ind2=" ">
        <subfield code="a">10.1107/S2056989014028047</subfield>
        <subfield code="2">doi</subfield>
    </datafield>
<datafield tag="100" ind1="0" ind2=" ">
    <subfield code="a">Dae-Woong Kim</subfield>
</datafield>
<datafield tag="245" ind1="0" ind2="0">
    <subfield code="a">Crystal structure of trans-(1,8-dibutyl-1,3,6,8,10,13-hexaazacyclotetradecane-κ4N3,N6,N10,N13)bis(perchlorato-κO)copper(II) from synchrotron data</subfield>
</datafield>
<datafield tag="700" ind1="0" ind2=" ">
    <subfield code="a">Jong Won Shin</subfield>
</datafield>
<datafield tag="700" ind1="0" ind2=" ">
    <subfield code="a">Dohyun Moon</subfield>
</datafield>
</record>