
<record>
<leader>     nab a22     uu 4500</leader>
<controlfield tag="001">d536dd7bf6f64089a45480170aff2a82</controlfield>
<datafield tag="022" ind1=" " ind2=" ">
    <subfield code="a">2056-9890</subfield>
</datafield>
<datafield tag="024" ind1="7" ind2=" ">
        <subfield code="a">10.1107/S2056989014028059</subfield>
        <subfield code="2">doi</subfield>
    </datafield>
<datafield tag="100" ind1="0" ind2=" ">
    <subfield code="a">M. Umadevi</subfield>
</datafield>
<datafield tag="245" ind1="0" ind2="0">
    <subfield code="a">Crystal structure of (2-methyl-1-phenylsulfonyl-1H-indol-3-yl)(phenyl)methanone</subfield>
</datafield>
<datafield tag="700" ind1="0" ind2=" ">
    <subfield code="a">V. Saravanan</subfield>
</datafield>
<datafield tag="700" ind1="0" ind2=" ">
    <subfield code="a">R. Yamuna</subfield>
</datafield>
<datafield tag="700" ind1="0" ind2=" ">
    <subfield code="a">A. K. Mohanakrishnan</subfield>
</datafield>
<datafield tag="700" ind1="0" ind2=" ">
    <subfield code="a">G. Chakkaravarthi</subfield>
</datafield>
</record>