
<record>
<leader>     nab a22     uu 4500</leader>
<controlfield tag="001">6c663187c8d64d629711d024bf549e00</controlfield>
<datafield tag="022" ind1=" " ind2=" ">
    <subfield code="a">2056-9890</subfield>
</datafield>
<datafield tag="024" ind1="7" ind2=" ">
        <subfield code="a">10.1107/S2056989015000122</subfield>
        <subfield code="2">doi</subfield>
    </datafield>
<datafield tag="100" ind1="0" ind2=" ">
    <subfield code="a">Asami Mori</subfield>
</datafield>
<datafield tag="245" ind1="0" ind2="0">
    <subfield code="a">Crystal structure of bis(2,2′-bipyridine)[N′-(quinolin-2-ylmethylidene)pyridine-2-carbohydrazide]ruthenium(II) bis(tetrafluoridoborate) dichloromethane trisolvate</subfield>
</datafield>
<datafield tag="700" ind1="0" ind2=" ">
    <subfield code="a">Takayoshi Suzuki</subfield>
</datafield>
<datafield tag="700" ind1="0" ind2=" ">
    <subfield code="a">Kiyohiko Nakajima</subfield>
</datafield>
</record>