
<record>
<leader>     nab a22     uu 4500</leader>
<controlfield tag="001">dfbdfe403a9b4597833db6f94fa6f60c</controlfield>
<datafield tag="022" ind1=" " ind2=" ">
    <subfield code="a">2056-9890</subfield>
</datafield>
<datafield tag="024" ind1="7" ind2=" ">
        <subfield code="a">10.1107/S2056989014027704</subfield>
        <subfield code="2">doi</subfield>
    </datafield>
<datafield tag="100" ind1="0" ind2=" ">
    <subfield code="a">Selvarasu Muthulakshmi</subfield>
</datafield>
<datafield tag="245" ind1="0" ind2="0">
    <subfield code="a">Crystal structure and thermal behaviour of pyridinium styphnate</subfield>
</datafield>
<datafield tag="700" ind1="0" ind2=" ">
    <subfield code="a">Doraisamyraja Kalaivani</subfield>
</datafield>
</record>