
<record>
<leader>     nab a22     uu 4500</leader>
<controlfield tag="001">84f706c64e684c4c9fb1ae974a4c7af1</controlfield>
<datafield tag="022" ind1=" " ind2=" ">
    <subfield code="a">2056-9890</subfield>
</datafield>
<datafield tag="024" ind1="7" ind2=" ">
        <subfield code="a">10.1107/S205698901402564X</subfield>
        <subfield code="2">doi</subfield>
    </datafield>
<datafield tag="100" ind1="0" ind2=" ">
    <subfield code="a">Julio Zukerman-Schpector</subfield>
</datafield>
<datafield tag="245" ind1="0" ind2="0">
    <subfield code="a">Crystal structure of [(2R,3R,4S)-3,4-bis(acetyloxy)-5-iodo-3,4-dihydro-2H-pyran-2-yl]methyl acetate</subfield>
</datafield>
<datafield tag="700" ind1="0" ind2=" ">
    <subfield code="a">Ignez Caracelli</subfield>
</datafield>
<datafield tag="700" ind1="0" ind2=" ">
    <subfield code="a">Hélio A. Stefani</subfield>
</datafield>
<datafield tag="700" ind1="0" ind2=" ">
    <subfield code="a">Anwar Shamim</subfield>
</datafield>
<datafield tag="700" ind1="0" ind2=" ">
    <subfield code="a">Edward R.T. Tiekink</subfield>
</datafield>
</record>