
<record>
<leader>     nab a22     uu 4500</leader>
<controlfield tag="001">a6805155ac7b45d4b584e9273c6830dc</controlfield>
<datafield tag="022" ind1=" " ind2=" ">
    <subfield code="a">2056-9890</subfield>
</datafield>
<datafield tag="024" ind1="7" ind2=" ">
        <subfield code="a">10.1107/S2056989014027297</subfield>
        <subfield code="2">doi</subfield>
    </datafield>
<datafield tag="100" ind1="0" ind2=" ">
    <subfield code="a">Abdulaziz A. Bagabas</subfield>
</datafield>
<datafield tag="245" ind1="0" ind2="0">
    <subfield code="a">Crystal structure of cyclohexylammonium thiocyanate</subfield>
</datafield>
<datafield tag="700" ind1="0" ind2=" ">
    <subfield code="a">Sultan B. Alhoshan</subfield>
</datafield>
<datafield tag="700" ind1="0" ind2=" ">
    <subfield code="a">Hazem A. Ghabbour</subfield>
</datafield>
<datafield tag="700" ind1="0" ind2=" ">
    <subfield code="a">C. S. Chidan Kumar</subfield>
</datafield>
<datafield tag="700" ind1="0" ind2=" ">
    <subfield code="a">Hoong-Kun Fun</subfield>
</datafield>
</record>