
<record>
<leader>     nab a22     uu 4500</leader>
<controlfield tag="001">059c2264c378444abad1d4b67b7b8cd4</controlfield>
<datafield tag="022" ind1=" " ind2=" ">
    <subfield code="a">2056-9890</subfield>
</datafield>
<datafield tag="024" ind1="7" ind2=" ">
        <subfield code="a">10.1107/S2056989014027455</subfield>
        <subfield code="2">doi</subfield>
    </datafield>
<datafield tag="100" ind1="0" ind2=" ">
    <subfield code="a">Eyad Mallah</subfield>
</datafield>
<datafield tag="245" ind1="0" ind2="0">
    <subfield code="a">Crystal structure of 5-[bis(methylsulfonyl)methyl]-1,3-dimethyl-5-(methylsulfonyl)pyrimidine-2,4,6(1H,3H,5H)-trione</subfield>
</datafield>
<datafield tag="700" ind1="0" ind2=" ">
    <subfield code="a">Ahmed Al-Sheikh</subfield>
</datafield>
<datafield tag="700" ind1="0" ind2=" ">
    <subfield code="a">Kamal Sweidan</subfield>
</datafield>
<datafield tag="700" ind1="0" ind2=" ">
    <subfield code="a">Wael Abu Dayyih</subfield>
</datafield>
<datafield tag="700" ind1="0" ind2=" ">
    <subfield code="a">Manfred Steimann</subfield>
</datafield>
</record>