
<record>
<leader>     nab a22     uu 4500</leader>
<controlfield tag="001">9b73c88dbb914d61a0875b73fa018105</controlfield>
<datafield tag="022" ind1=" " ind2=" ">
    <subfield code="a">2056-9890</subfield>
</datafield>
<datafield tag="024" ind1="7" ind2=" ">
        <subfield code="a">10.1107/S2056989014027108</subfield>
        <subfield code="2">doi</subfield>
    </datafield>
<datafield tag="100" ind1="0" ind2=" ">
    <subfield code="a">Md. Serajul Haque Faizi</subfield>
</datafield>
<datafield tag="245" ind1="0" ind2="0">
    <subfield code="a">Crystal structure of N1,N1-diethyl-N4-[(quinolin-2-yl)methylidene]benzene-1,4-diamine</subfield>
</datafield>
<datafield tag="700" ind1="0" ind2=" ">
    <subfield code="a">Nazia Siddiqui</subfield>
</datafield>
<datafield tag="700" ind1="0" ind2=" ">
    <subfield code="a">Saleem Javed</subfield>
</datafield>
</record>