
<record>
<leader>     nab a22     uu 4500</leader>
<controlfield tag="001">4c1375e34822452692d392af8a3974e4</controlfield>
<datafield tag="022" ind1=" " ind2=" ">
    <subfield code="a">2056-9890</subfield>
</datafield>
<datafield tag="024" ind1="7" ind2=" ">
        <subfield code="a">10.1107/S2056989014027236</subfield>
        <subfield code="2">doi</subfield>
    </datafield>
<datafield tag="100" ind1="0" ind2=" ">
    <subfield code="a">Kamel Ouari</subfield>
</datafield>
<datafield tag="245" ind1="0" ind2="0">
    <subfield code="a">1,1′-{(Hexane-1,6-diyl)bis[(azaniumylylidene)methanylylidene]}bis(naphthalen-2-olate)</subfield>
</datafield>
<datafield tag="700" ind1="0" ind2=" ">
    <subfield code="a">Sabrina Bendia</subfield>
</datafield>
<datafield tag="700" ind1="0" ind2=" ">
    <subfield code="a">Moufida Merzougui</subfield>
</datafield>
<datafield tag="700" ind1="0" ind2=" ">
    <subfield code="a">Corinne Bailly</subfield>
</datafield>
</record>