
<record>
<leader>     nab a22     uu 4500</leader>
<controlfield tag="001">3202605d04c54ffdb9ab3aeb72ea8ad9</controlfield>
<datafield tag="022" ind1=" " ind2=" ">
    <subfield code="a">2056-9890</subfield>
</datafield>
<datafield tag="024" ind1="7" ind2=" ">
        <subfield code="a">10.1107/S2056989014026437</subfield>
        <subfield code="2">doi</subfield>
    </datafield>
<datafield tag="100" ind1="0" ind2=" ">
    <subfield code="a">Hasna Bouchareb</subfield>
</datafield>
<datafield tag="245" ind1="0" ind2="0">
    <subfield code="a">Crystal structure of 3-carbamothioylpyridinium thiocyanate</subfield>
</datafield>
<datafield tag="700" ind1="0" ind2=" ">
    <subfield code="a">Mhamed Boudraa</subfield>
</datafield>
<datafield tag="700" ind1="0" ind2=" ">
    <subfield code="a">Sofiane Bouacida</subfield>
</datafield>
<datafield tag="700" ind1="0" ind2=" ">
    <subfield code="a">Hocine Merazig</subfield>
</datafield>
<datafield tag="700" ind1="0" ind2=" ">
    <subfield code="a">El Hossain Chtoun</subfield>
</datafield>
</record>