
<record>
<leader>     nab a22     uu 4500</leader>
<controlfield tag="001">68b38df40afb493eb68fb78643d63305</controlfield>
<datafield tag="022" ind1=" " ind2=" ">
    <subfield code="a">2056-9890</subfield>
</datafield>
<datafield tag="024" ind1="7" ind2=" ">
        <subfield code="a">10.1107/S205698901402622X</subfield>
        <subfield code="2">doi</subfield>
    </datafield>
<datafield tag="100" ind1="0" ind2=" ">
    <subfield code="a">Oleksandr O. Kovalenko</subfield>
</datafield>
<datafield tag="245" ind1="0" ind2="0">
    <subfield code="a">Crystal structure of O-isopropyl [bis(trimethylsilyl)amino](tert-butylamino)phosphinothioate</subfield>
</datafield>
<datafield tag="700" ind1="0" ind2=" ">
    <subfield code="a">Vasyl Kinzhybalo</subfield>
</datafield>
<datafield tag="700" ind1="0" ind2=" ">
    <subfield code="a">Oleksii A. Brusylovets</subfield>
</datafield>
<datafield tag="700" ind1="0" ind2=" ">
    <subfield code="a">Tadeusz Lis</subfield>
</datafield>
</record>