
<record>
<leader>     nab a22     uu 4500</leader>
<controlfield tag="001">7f56d955a5d84b689c15ad05eaa08473</controlfield>
<datafield tag="022" ind1=" " ind2=" ">
    <subfield code="a">2056-9890</subfield>
</datafield>
<datafield tag="024" ind1="7" ind2=" ">
        <subfield code="a">10.1107/S2056989014026711</subfield>
        <subfield code="2">doi</subfield>
    </datafield>
<datafield tag="100" ind1="0" ind2=" ">
    <subfield code="a">Araceli Zárate</subfield>
</datafield>
<datafield tag="245" ind1="0" ind2="0">
    <subfield code="a">Crystal structure of (2S,4R)-ethyl 4-nitromethyl-1-[(S)-1-phenylethyl]-6-sulfanylidenepiperidine-2-carboxylate</subfield>
</datafield>
<datafield tag="700" ind1="0" ind2=" ">
    <subfield code="a">David Aparicio</subfield>
</datafield>
<datafield tag="700" ind1="0" ind2=" ">
    <subfield code="a">Angel Palillero</subfield>
</datafield>
<datafield tag="700" ind1="0" ind2=" ">
    <subfield code="a">Angel Mendoza</subfield>
</datafield>
</record>