
<record>
<leader>     nab a22     uu 4500</leader>
<controlfield tag="001">caba4d8755244165ac6daffe8ec9b41f</controlfield>
<datafield tag="022" ind1=" " ind2=" ">
    <subfield code="a">2056-9890</subfield>
</datafield>
<datafield tag="024" ind1="7" ind2=" ">
        <subfield code="a">10.1107/S2056989014026292</subfield>
        <subfield code="2">doi</subfield>
    </datafield>
<datafield tag="100" ind1="0" ind2=" ">
    <subfield code="a">F. M. Mashood Ahamed</subfield>
</datafield>
<datafield tag="245" ind1="0" ind2="0">
    <subfield code="a">Crystal structure of 3-(morpholin-4-yl)-1-phenyl-3-(pyridin-2-yl)propan-1-one</subfield>
</datafield>
<datafield tag="700" ind1="0" ind2=" ">
    <subfield code="a">M. Syed Ali Padusha</subfield>
</datafield>
<datafield tag="700" ind1="0" ind2=" ">
    <subfield code="a">B. Gunasekaran</subfield>
</datafield>
</record>