
<record>
<leader>     nab a22     uu 4500</leader>
<controlfield tag="001">bf4c8b3a5d8948998e9b35262a1e6f54</controlfield>
<datafield tag="022" ind1=" " ind2=" ">
    <subfield code="a">2056-9890</subfield>
</datafield>
<datafield tag="024" ind1="7" ind2=" ">
        <subfield code="a">10.1107/S2056989014026164</subfield>
        <subfield code="2">doi</subfield>
    </datafield>
<datafield tag="100" ind1="0" ind2=" ">
    <subfield code="a">Markus Schwierz</subfield>
</datafield>
<datafield tag="245" ind1="0" ind2="0">
    <subfield code="a">Crystal structure of 2,2-dichloro-1-(piperidin-1-yl)butane-1,3-dione</subfield>
</datafield>
<datafield tag="700" ind1="0" ind2=" ">
    <subfield code="a">Helmar Görls</subfield>
</datafield>
<datafield tag="700" ind1="0" ind2=" ">
    <subfield code="a">Wolfgang Imhof</subfield>
</datafield>
</record>