
<record>
<leader>     nab a22     uu 4500</leader>
<controlfield tag="001">6efc1a469adf4e4e8063f3796aa99334</controlfield>
<datafield tag="022" ind1=" " ind2=" ">
    <subfield code="a">2056-9890</subfield>
</datafield>
<datafield tag="024" ind1="7" ind2=" ">
        <subfield code="a">10.1107/S2056989014026127</subfield>
        <subfield code="2">doi</subfield>
    </datafield>
<datafield tag="100" ind1="0" ind2=" ">
    <subfield code="a">Md. Serajul Haque Faizi</subfield>
</datafield>
<datafield tag="245" ind1="0" ind2="0">
    <subfield code="a">Crystal structure of 2-azaniumyl-3-bromo-6-oxo-5,6-dihydropyrido[1,2-a]quinoxalin-11-ium dibromide</subfield>
</datafield>
<datafield tag="700" ind1="0" ind2=" ">
    <subfield code="a">Natalia O. Sharkina</subfield>
</datafield>
<datafield tag="700" ind1="0" ind2=" ">
    <subfield code="a">Turganbay S. Iskenderov</subfield>
</datafield>
</record>