
<record>
<leader>     nab a22     uu 4500</leader>
<controlfield tag="001">9ae1a74608ad4c879766edc47a5c9d57</controlfield>
<datafield tag="022" ind1=" " ind2=" ">
    <subfield code="a">2056-9890</subfield>
</datafield>
<datafield tag="024" ind1="7" ind2=" ">
        <subfield code="a">10.1107/S2056989014025857</subfield>
        <subfield code="2">doi</subfield>
    </datafield>
<datafield tag="100" ind1="0" ind2=" ">
    <subfield code="a">Sevim Türktekin Çelikesir</subfield>
</datafield>
<datafield tag="245" ind1="0" ind2="0">
    <subfield code="a">Crystal structure of 1,3-bis(4-methylbenzyl)-1H-1,3-benzimidazol-3-ium bromide monohydrate</subfield>
</datafield>
<datafield tag="700" ind1="0" ind2=" ">
    <subfield code="a">Ömer Çelik</subfield>
</datafield>
<datafield tag="700" ind1="0" ind2=" ">
    <subfield code="a">Senem Akkoç</subfield>
</datafield>
<datafield tag="700" ind1="0" ind2=" ">
    <subfield code="a">İlhan Özer İlhan</subfield>
</datafield>
<datafield tag="700" ind1="0" ind2=" ">
    <subfield code="a">Yetkin Gök</subfield>
</datafield>
<datafield tag="700" ind1="0" ind2=" ">
    <subfield code="a">Mehmet Akkurt</subfield>
</datafield>
</record>