
<record>
<leader>     nab a22     uu 4500</leader>
<controlfield tag="001">97bd523aa7254d0191de0ea26eaa5f8c</controlfield>
<datafield tag="022" ind1=" " ind2=" ">
    <subfield code="a">2056-9890</subfield>
</datafield>
<datafield tag="024" ind1="7" ind2=" ">
        <subfield code="a">10.1107/S2056989014027418</subfield>
        <subfield code="2">doi</subfield>
    </datafield>
<datafield tag="100" ind1="0" ind2=" ">
    <subfield code="a">Masaki Yamamura</subfield>
</datafield>
<datafield tag="245" ind1="0" ind2="0">
    <subfield code="a">Crystal structure of the one-dimensional metal–organic polymer catena-poly[[tris(μ-2,4,6-trimethylbenzoato-κ2O:O′)dizinc]-μ-2,4,6-trimethylbenzoato-κ2O:O′]</subfield>
</datafield>
<datafield tag="700" ind1="0" ind2=" ">
    <subfield code="a">Tatsuya Nabeshima</subfield>
</datafield>
</record>