
<record>
<leader>     nab a22     uu 4500</leader>
<controlfield tag="001">f5fe66c6f8ee4552bc427f331674c558</controlfield>
<datafield tag="022" ind1=" " ind2=" ">
    <subfield code="a">2056-9890</subfield>
</datafield>
<datafield tag="024" ind1="7" ind2=" ">
        <subfield code="a">10.1107/S2056989014026966</subfield>
        <subfield code="2">doi</subfield>
    </datafield>
<datafield tag="100" ind1="0" ind2=" ">
    <subfield code="a">Kazunori Teramoto</subfield>
</datafield>
<datafield tag="245" ind1="0" ind2="0">
    <subfield code="a">Crystal structure of tris(1,10-phenanthroline-κ2N,N′)iron(II) bis[bis(trifluoromethylsulfonyl)imide] monohydrate</subfield>
</datafield>
<datafield tag="700" ind1="0" ind2=" ">
    <subfield code="a">Takeshi Kawasaki</subfield>
</datafield>
<datafield tag="700" ind1="0" ind2=" ">
    <subfield code="a">Toshikazu Nishide</subfield>
</datafield>
<datafield tag="700" ind1="0" ind2=" ">
    <subfield code="a">Yasuhisa Ikeda</subfield>
</datafield>
</record>