
<record>
<leader>     nab a22     uu 4500</leader>
<controlfield tag="001">990a139c0ba5426db3684723bf48a500</controlfield>
<datafield tag="022" ind1=" " ind2=" ">
    <subfield code="a">2056-9890</subfield>
</datafield>
<datafield tag="024" ind1="7" ind2=" ">
        <subfield code="a">10.1107/S2056989014026619</subfield>
        <subfield code="2">doi</subfield>
    </datafield>
<datafield tag="100" ind1="0" ind2=" ">
    <subfield code="a">Viktorita V. Dyakonenko</subfield>
</datafield>
<datafield tag="245" ind1="0" ind2="0">
    <subfield code="a">Crystal structure of dichlorido{4-[(E)-(methoxyimino-κN)methyl]-1,3-thiazol-2-amine-κN3}palladium(II)</subfield>
</datafield>
<datafield tag="700" ind1="0" ind2=" ">
    <subfield code="a">Olga O. Zholob</subfield>
</datafield>
<datafield tag="700" ind1="0" ind2=" ">
    <subfield code="a">Svitlana I. Orysyk</subfield>
</datafield>
<datafield tag="700" ind1="0" ind2=" ">
    <subfield code="a">Vasily I. Pekhnyo</subfield>
</datafield>
</record>