
<record>
<leader>     nab a22     uu 4500</leader>
<controlfield tag="001">cb1912c6567f4f99aa0ff130bc4ae130</controlfield>
<datafield tag="022" ind1=" " ind2=" ">
    <subfield code="a">2056-9890</subfield>
</datafield>
<datafield tag="024" ind1="7" ind2=" ">
        <subfield code="a">10.1107/S2056989014026656</subfield>
        <subfield code="2">doi</subfield>
    </datafield>
<datafield tag="100" ind1="0" ind2=" ">
    <subfield code="a">Zhimin Liu</subfield>
</datafield>
<datafield tag="245" ind1="0" ind2="0">
    <subfield code="a">Crystal structure of [3-(1H-benzimidazol-2-yl)propanoato-κN3][3-(1H-benzimidazol-2-yl)propanoic acid-κN3]copper(I)</subfield>
</datafield>
<datafield tag="700" ind1="0" ind2=" ">
    <subfield code="a">Shengrun Zheng</subfield>
</datafield>
<datafield tag="700" ind1="0" ind2=" ">
    <subfield code="a">Sisi Feng</subfield>
</datafield>
</record>